3592 5509
1859 383 2291 455 1-34...

823 547 1218 648 distaverint,
1269 562 1680 650 dicemusque
1711 567 1774 629 Za
1802 567 1912 648 sol,
1945 567 2038 630 sol
2065 567 2129 630 la
2165 564 2677 648 habebimusque
2710 563 2895 645 duas3
2944 563 3175 630 deinde
3213 581 3389 627 cum

813 675 910 738 mi
969 673 1216 739 scilicet
1276 675 1338 738 la
1374 675 1486 755 mi,
1546 675 1742 738 mila
1797 677 1863 737 ct
1922 677 2110 738 erunt
2172 679 2474 758 quatuor3
2537 679 2605 739 at
2668 696 2813 740 cum
2874 696 2959 757 re,
3025 673 3177 758 quia
3246 691 3389 756 per

815 783 1116 866 diapente
1163 782 1632 869 coniungendo,
1690 781 1927 848 iterum
1972 783 2159 848 binas
2210 782 2482 848 facimus
2535 784 2829 868 per-(pag.
2866 782 3385 868 27)mutationes

814 890 1063 955 scilicet
1107 893 1170 955 Za
1197 913 1284 978 re,
1331 912 1399 956 re
1429 893 1507 956 la.
1583 892 1682 955 Ex
1725 892 1789 955 la
1832 891 2034 978 igitur
2064 913 2178 956 sex
2207 891 2547 975 provenire
2578 913 2708 956 non
2741 891 3127 958 dubitamus,
3214 889 3389 966 Qua

818 999 1084 1064 dimissa
1125 1002 1218 1064 sol
1261 1001 1552 1084 capiatur
1599 1004 1664 1064 et
1706 999 1866 1064 fient
1912 1000 2137 1066 eodem
2183 1000 2375 1066 modo
2422 1022 2536 1064 sex
2581 1000 2830 1070 scilicet
2872 1001 2968 1065 sol
2994 1001 3087 1084 fa,
3136 1001 3217 1084 fa
3252 999 3381 1079 sol,

817 1109 915 1172 sol
940 1129 1032 1192 re,
1093 1129 1162 1173 re
1189 1111 1308 1191 sol,
1356 1109 1449 1172 sol
1490 1114 1580 1191 ut,
1630 1113 1710 1173 ut
1747 1110 1855 1172 sol.
1959 1109 2062 1172 La
2104 1110 2319 1193 solque
2376 1108 2657 1174 dimissis
2700 1110 2777 1194 fa
2820 1109 3127 1193 capiatur,
3188 1127 3385 1192 quae

817 1216 1028 1282 solum
1072 1239 1217 1282 cum
1262 1239 1419 1282 voce
1464 1221 1544 1280 ut
1582 1216 1766 1303 iungi
1811 1217 2071 1301 poterit,
2123 1222 2436 1302 eruntque
2480 1217 2983 1302 quatuordecim.
3084 1217 3223 1282 Sed
3271 1216 3385 1278 mi

815 1331 961 1390 cum
1004 1347 1072 1390 re
1118 1330 1183 1390 et
1224 1347 1308 1394 re,
1339 1347 1483 1390 cum
1527 1331 1607 1390 ut
1647 1326 2034 1391 combinatis
2067 1331 2343 1411 quatuor
2390 1326 2697 1392 efficiunt.
2776 1325 3160 1411 Ubicunque
3196 1345 3383 1410 ergo

814 1456 927 1499 sex
982 1455 1172 1499 voces
1225 1435 1660 1518 reperiuntur,
1728 1434 1950 1500 decem
2010 1439 2155 1500 octo
2209 1435 2349 1500 fieri
2416 1435 2809 1500 mutationes
2865 1434 3181 1500 videntur.
3292 1433 3382 1496 In

812 1564 846 1607 6
872 1543 1058 1626 fa-ut
1095 1543 1312 1629 igitur,
1363 1542 1667 1627 quoniam
1714 1543 1929 1608 deficit
1972 1546 2053 1626 la,
2104 1543 2441 1611 duodecim
2489 1548 2692 1628 erunt,
2741 1544 2810 1607 in
2855 1545 2891 1607 b
2921 1545 3019 1607 mi
3060 1566 3177 1608 sex
3210 1546 3379 1606 tan-

813 1655 969 1735 tum,
1019 1651 1134 1716 sed
1183 1655 1458 1735 quatuor
1501 1652 1570 1716 in
1614 1673 1656 1716 a
1684 1673 1768 1716 re.
1868 1651 1945 1716 In
1977 1651 2104 1716 rut
2146 1653 2300 1718 duas
2347 1657 2601 1717 tantum
2643 1653 2945 1733 habebis;
2996 1652 3377 1734 eodemque

813 1760 1004 1824 modo
1063 1746 1206 1843 bfa
1247 1751 1279 1838 h
1315 1761 1414 1823 mi
1467 1761 1748 1825 secundo
1809 1760 1977 1826 sicut
2027 1783 2061 1825 6
2097 1762 2284 1845 fastui
2336 1766 2399 1826 et
2452 1784 2483 1824 e
2521 1764 2583 1826 la
2628 1763 2795 1827 sicut
2849 1760 2895 1825 Γ
2895 1766 2986 1824 ut.
3111 1759 3227 1824 Sic
3306 1762 3379 1822 et

815 1874 1030 1932 cetera
1075 1868 1262 1952 signa
1306 1868 1410 1932 vel
1452 1868 1595 1934 loca
1639 1869 1812 1934 inter
1853 1870 1981 1934 ista
2026 1874 2345 1936 contenta.

1595 2173 2085 2255 capitulum
2151 2172 2568 2255 quintum.

896 2357 1334 2454 Reprobans
1391 2360 1643 2454 aliqua
1695 2361 2213 2455 praecedentis
2268 2369 2341 2432 et
2394 2369 2681 2432 rectum
2736 2362 3040 2432 modum
3096 2385 3291 2432 con-

1571 2518 1995 2589 iunctarum
2053 2520 2585 2590 demonstrans,

817 2685 1316 2822 DISPOSITA
1379 2685 1512 2750 iam
1579 2709 1775 2750 manu
1832 2687 2123 2771 perfecta
2184 2691 2249 2751 et
2307 2709 2553 2769 eorum,
2629 2708 2790 2769 quae
2860 2687 2940 2750 ad
3006 2687 3143 2750 eius
3206 2707 3375 2771 per-

948 2795 1299 2860 fectionem
1329 2796 1762 2880 requiruntur,
1812 2795 2021 2861 forma
2050 2796 2450 2879 praescripta
2481 2816 2675 2878 super
2719 2799 2869 2858 sunt
2912 2795 3099 2860 nobis
3134 2795 3377 2879 aliqua

818 2903 1120 2970 subtilius
1176 2903 1652 2990 investiganda,
1717 2905 2039 2989 quoniam,
2102 2905 2223 2969 etsi
2285 2904 2525 2968 dictum
2594 2902 2679 2967 sit
2734 2927 2770 2967 a
2822 2905 2867 2968 d
2901 2905 3089 2967 sol-re
3149 2926 3374 2987 usque

813 3035 856 3077 a
885 3014 1172 3077 &mni-re
1217 3013 1497 3077 secundo
1553 3033 1665 3076 sex
1709 3033 1899 3076 voces
1949 3035 2088 3078 6386
2133 3012 2202 3076 111
2257 3012 2548 3096 quolibet
2599 3012 2744 3078 loco
2802 3015 3091 3095 repertas
3155 3017 3221 3076 et
3291 3035 3377 3076 ex

815 3120 943 3184 illis
1013 3137 1266 3205 quoque
1337 3142 1448 3184 sex
1508 3120 1772 3184 vocibus
1830 3121 2053 3185 'decem
2124 3125 2189 3184 et
2255 3124 2400 3185 octo
2459 3120 2851 3185 mutationes
2916 3121 3198 3198 causari,
3288 3121 3375 3183 de

815 3229 1080 3293 vocibus
1128 3228 1383 3312 quidem
1433 3215 1656 3292 verum
1705 3233 1819 3312 est,
1871 3231 1984 3294 sed
2031 3230 2110 3293 de
2144 3230 2613 3294 mutationibus
2658 3229 2941 3294 minime.
3020 3230 3120 3293 Ad
3169 3229 3374 3294 cuius

818 3337 1204 3401 evidentiam
1267 3336 1644 3420 disponatur
1693 3337 1901 3423 figura
1964 3360 2108 3402 cum
2154 3338 2420 3402 vocibus
2468 3337 2847 3402 Guidonis
2896 3361 2933 3402 a
2980 3337 3103 3402 rut
3146 3360 3369 3422 usque

815 3467 846 3508 6
876 3447 955 3527 Za,
1006 3468 1168 3529 quae
1218 3446 1465 3509 dicetur
1504 3447 1660 3510 ordo
1692 3446 2006 3511 naturalis
2055 3469 2132 3510 ex
2181 3469 2277 3530 e0,
2328 3447 2498 3530 quod
2538 3469 2727 3512 voces
2773 3446 3157 3512 naturaliter
3203 3451 3373 3510 sunt

818 3553 1187 3638 dispositae,
1237 3556 1514 3624 sicutex
1543 3554 1966 3621 monochordi
2003 3555 2319 3642 regularis
2349 3555 2774 3638 proveniunt¹
2809 3556 3141 3620 divisione.
3222 3555 3371 3620 Sed

815 3660 976 3726 haec
1025 3663 1247 3725 eadem
1291 3661 1500 3748 figura
1545 3665 1626 3727 ad
1669 3664 1841 3727 latus
1891 3663 2026 3727 eius
2072 3664 2403 3728 sinistrum
2448 3669 2605 3728 tono
2650 3664 2907 3728 intensa
2953 3664 3367 3748 disponatur,

817 3770 909 3834 sic
972 3775 1036 3834 et
1095 3771 1173 3834 ad
1230 3770 1523 3834 dextrum
1537 3811 1562 3857 Ι
1576 3793 1694 3855 per
1755 3772 2030 3836 eundem
2090 3776 2318 3838 tonum
2372 3773 2657 3837 remissa.
2762 3772 2861 3835 Ex
2919 3771 3040 3836 hac
3102 3773 3367 3858 figurae

816 3877 1239 3962 dispositione
1279 3879 1677 3963 reperiemus
1711 3881 2069 3964 quemlibet
2098 3886 2324 3945 tonum
2358 3881 2599 3945 ordinis
2630 3880 2942 3945 naturalis
2976 3882 3057 3945 ab
3104 3880 3371 3946 altero2

817 3986 1308 4051 accidentalium
1358 4010 1498 4052 esse
1532 3989 1863 4074 divisum3,
1915 4012 2041 4073 qua
2072 3990 2386 4054 divisione
2436 4011 2623 4054 omne
2668 3989 3170 4054 instrumentum
3202 4011 3367 4072 per-

812 4095 1054 4160 fectum
1102 4096 1380 4160 divisum
1413 4119 1552 4162 esse
1601 4098 1812 4163 debet.
1892 4099 2187 4183 Namque
2222 4100 2303 4163 ab
2348 4118 2390 4162 a
2418 4120 2487 4162 re
2530 4099 2599 4162 in
2644 4099 2679 4160 b
2710 4098 2809 4161 ‘rm'
2849 4101 3041 4162 tonus
3087 4101 3371 4162 natura-

814 4204 966 4269 liter
1012 4209 1126 4288 est,
1177 4206 1327 4289 quia
1365 4227 1435 4270 re
1463 4207 1575 4271 mi.
1656 4206 1787 4271 Sed
1834 4229 1979 4272 611111
2027 4231 2104 4272 ex
2149 4207 2371 4272 ordine
2416 4206 2797 4271 accidentali
2844 4211 2999 4272 tono
3039 4207 3369 4271 remisso⁴

993 4456 1012 4491 1
1089 4454 1345 4508 1617611113.ἶ

994 4541 1017 4578 2
1045 4471 1250 4595 laistei-a.
1306 4540 1622 4597 Vielleicht
1658 4543 1737 4597 ist
1773 4544 1922 4598 auch
1959 4562 2026 4598 zu
2063 4545 2236 4599 altera
2274 4543 2373 4598 das
2400 4542 2568 4597 Wort
2599 4559 2717 4597 voce
2755 4541 2883 4596 dem
2910 4541 3087 4598 Sinne
3112 4541 3269 4596 nach
3300 4561 3371 4597 zu

817 4632 1114 4697 erganzen.
1262 4638 1265 4643 '
3046 4643 3065 4656 -

986 4717 1010 4754 3
1045 4716 1175 4785 Vgl.
1215 4716 1454 4772 Pietro
1493 4717 1699 4787 Aron,
1738 4717 2041 4774 Lucidario
2077 4721 2130 4774 11
2166 4719 2429 4775 f01.10b.
2741 4719 2765 4756 4
2800 4717 3053 4773 remissa.
