3592 5509
1812 438 2243 503 ...40—

938 613 1356 679 Johannes
1409 635 1561 678 vero
1621 614 1712 677 de
1766 613 2172 678 Londonis
2230 616 2295 677 et
2355 612 2467 677 alii
2520 613 2732 678 minus
2804 613 2997 698 periti
3053 613 3297 679 dicunt:

770 722 1306 808 quemadmodum
1350 721 1417 786 in
1463 708 1589 806 bfa
1633 714 1780 801 &mi
1838 721 2027 786 ambo
2085 722 2271 807 signa
2328 726 2599 805 possunt
2660 721 2889 805 locari,
2965 722 3059 786 ita
3115 725 3179 786 et
3230 722 3297 785 in

769 828 912 894 aliis
959 829 1136 913 10013,
1185 830 1298 895 ubi
1328 852 1448 895 1100
1492 830 1568 914 fa
1611 852 1730 894 nec
1775 831 1888 893 mi.
1984 828 2173 906 Quod
2201 828 2296 894 ita
2324 828 2464 893 fieri
2494 830 2716 913 possit,
2764 829 3027 894 minime
3059 851 3301 916 negan-

764 938 913 1002 dum
971 941 1098 1019 est3
1156 941 1225 1002 at
1283 939 1451 1022 quod
1510 938 1760 1020 debeat,
1827 937 2305 1003 concedendum
2360 960 2489 1002 non
2546 939 2841 1004 arbitror.
2946 939 3301 1021 Propterea

764 1046 967 1131 igitur
1012 1045 1066 1110 si
1110 1068 1227 1129 per
1254 1047 1385 1110 iam
1418 1046 1590 1111 dicta
1633 1050 1826 1110 tonus
1870 1045 1939 1110 in
1972 1046 2097 1112 duo
2130 1045 2473 1110 semitonia
2503 1050 2721 1111 manet
2753 1046 3012 1125 divisus,
3058 1045 3303 1109 frustra

761 1154 924 1218 fiunt
967 1153 1219 1240 reliqua
1264 1177 1755 1238 supervacanea,
1808 1154 2112 1239 quoniam
2160 1154 2241 1218 ad
2284 1152 2407 1218 hoc
2452 1155 2625 1219 istud
2669 1154 3083 1239 permittitur,
3136 1154 3301 1219 sicut

763 1264 893 1327 iam
942 1262 1182 1328 dictum
1233 1268 1345 1346 est,
1396 1267 1470 1327 ut
1512 1267 1738 1328 tonum
1787 1268 1851 1328 et
1896 1262 2309 1328 semitonium
2358 1286 2396 1327 a
2442 1262 2731 1347 qualibet
2775 1286 2932 1328 voce
2978 1264 3300 1347 possimus

766 1369 1026 1450 habere,
1099 1370 1266 1436 sicut
1313 1394 1350 1435 a
1395 1355 1429 1429 l?
1445 1372 1521 1456 fa
1571 1362 1733 1454 fimi.
1849 1370 2091 1436 Dicunt
2158 1392 2455 1454 namque,
2526 1372 2581 1434 si
2647 1372 2715 1436 in
2776 1394 2818 1457 9
2861 1374 3159 1436 some-nt
3216 1372 3304 1435 sit

772 1479 1002 1543 1001113
1057 1480 1312 1565 signata
1367 1468 1400 1542 l?
1459 1480 1886 1565 praecedente
1936 1484 2001 1545 et
2050 1478 2119 1544 in
2181 1480 2408 1544 eodem
2463 1479 2547 1544 sit
2602 1481 2806 1544 altera
2848 1480 2975 1545 isto
3023 1471 3051 1559 ὴ
3115 1501 3304 1563 prae-

764 1584 1051 1670 cedente,
1076 1586 1232 1652 licet
1264 1588 1571 1652 unisonus
1609 1588 1965 1670 videantur,
1999 1592 2219 1653 tamen
2248 1592 2514 1672 propter
2543 1589 2789 1672 primae
2821 1587 3303 1672 depressionem

765 1699 829 1759 et
874 1696 1192 1761 secundae
1240 1695 1669 1762 elevationem
1725 1696 2051 1762 semitonii
2108 1697 2272 1761 sicut
2327 1698 2426 1760 mi
2466 1697 2557 1781 fa.
2648 1695 2909 1780 Duplici
2970 1696 3048 1760 de
3106 1717 3302 1760 causa

761 1803 931 1868 male
979 1803 1227 1869 dicunt:
1286 1808 1514 1889 primo,
1565 1805 1889 1890 quoniam,
1954 1806 2206 1870 etiamsi
2270 1805 2481 1889 prima
2534 1803 2790 1891 signum
2834 1827 2965 1869 11011
3009 1803 3301 1887 haberet,

762 1913 1043 1977 secunda
1073 1916 1291 1977 tamen
1325 1918 1494 1980 esset
1526 1913 1718 1979 altior
1751 1936 1826 1979 ea
1856 1917 2120 1998 propter
2150 1914 2407 1999 signum
2447 1913 2677 1978 saltem
2707 1936 2825 1997 per
2854 1912 3299 1992 semitonium;

764 2022 1045 2085 secundo
1095 2026 1324 2105 errant,
1378 2023 1545 2107 quia,
1594 2022 1648 2086 si
1692 2021 1903 2106 prima
1954 2023 2084 2086 iam
2130 2044 2247 2106 per
2301 2022 2474 2086 aliud
2536 2021 2949 2085 semitonium
2996 2020 3304 2103 depressa

765 2132 864 2193 est
909 2130 990 2193 ab
1036 2129 1150 2194 illo
1195 2130 1340 2195 loco
1388 2134 1453 2195 et
1498 2131 1777 2196 secunda
1824 2130 1951 2195 alio
1998 2130 2342 2195 semitonio
2375 2130 2456 2194 ab
2502 2128 2617 2195 1110
2662 2129 2806 2195 1000
2856 2129 3123 2210 elevata,
3178 2129 3303 2193 duo

765 2237 1109 2303 semitonia
1140 2242 1304 2303 sunt.
1382 2238 1558 2325 Ergo
1598 2240 1736 2304 toni
1779 2239 2143 2303 differentia
2191 2242 2255 2302 et
2283 2259 2415 2302 non
2446 2237 2771 2307 semitonii
2806 2241 2919 2318 est,
2969 2240 3304 2320 tamquam

760 2351 840 2409 ut
877 2368 960 2410 re.
1055 2346 1300 2411 Eodem
1345 2348 1536 2412 modo
1585 2348 1805 2413 dicunt
1847 2347 1913 2412 in
1960 2349 2005 2410 d
2045 2350 2232 2412 sol-re
2280 2351 2343 2411 et
2386 2346 2662 2411 istorum
2709 2346 2970 2411 octavis.

933 2454 1180 2519 Horum
1247 2478 1409 2539 quae
1481 2454 1652 2520 dicta
1715 2460 1863 2520 sunt
1932 2455 2226 2539 exempla
2292 2454 2515 2520 subtili
2581 2454 2811 2519 lectori
2876 2452 3306 2538 relinquimus

760 2561 1163 2645 invenienda,
1211 2563 1305 2627 ita
1351 2569 1423 2628 ut
1468 2568 1742 2649 quatuor
1787 2568 1899 2629 aut
1944 2564 2223 2649 quinque
2273 2564 2577 2628 extendat
2630 2562 2835 2627 lineas
2894 2567 2959 2626 et
3016 2561 3307 2646 aliquam

763 2664 979 2756 signet
1021 2670 1282 2735 illarum
1324 2672 1543 2737 littera
1603 2673 1736 2737 sive
1797 2672 1962 2737 clavi
2020 2672 2293 2736 alterata
2353 2671 2622 2735 duarum
2678 2670 3192 2755 supradictarum
3240 2674 3312 2734 et

761 2778 1019 2843 notulas
1067 2779 1366 2863 disponat
1411 2803 1555 2845 cum
1609 2779 1830 2867 signi8‚
1888 2780 2054 2845 sicut
2121 2780 2412 2845 diximus
2506 2779 2742 2863 Incipit
2798 2801 2875 2843 ex
2918 2778 3059 2859 hoc,
3121 2778 3309 2842 dum-

762 2890 942 2951 taxat
989 2910 1066 2951 ex
1099 2888 1478 2953 Gruidonis
1513 2890 1818 2969 doctrina,
1852 2889 2155 2973 prolapsa
2186 2888 2497 2954 confusio.
2556 2887 2709 2951 Eius
2745 2889 2916 2952 enim
2946 2891 3309 2952 sectatores

760 2996 1178 3080 pertinaciter
1244 2999 1513 3062 credunt
1581 3002 1646 3063 et
1687 3020 1805 3081 pro
1849 2998 2216 3063 indubitato
2273 2997 2536 3080 habent,
2608 2996 2777 3080 quod
2830 2995 2957 3060 nisi
3010 2996 3185 3060 inter
3228 2997 3311 3079 fa

650 3128 654 3133 ·
767 3108 832 3169 et
887 3106 985 3169 mi
1048 3128 1179 3172 non
1232 3105 1438 3189 possit
1482 3106 1629 3170 fieri
1685 3107 2114 3172 semitonium.
2216 3106 2484 3189 Dicunt,
2542 3109 2884 3189 propterea
2940 3105 3146 3188 quod¹
3210 3107 3315 3168 mi

767 3213 1070 3279 claudens
1101 3237 1173 3280 os
1220 3215 1663 3280 austeritatem
1697 3216 1980 3298 denotat,
2027 3216 2104 3300 fa
2133 3236 2285 3279 vero
2317 3214 2539 3278 laxans
2574 3236 2645 3279 03
2690 3212 3027 3278 mellitiem
3062 3213 3305 3298 signat.

765 3321 905 3386 Hoc
951 3327 1169 3388 autem
1213 3322 1376 3387 nihil
1425 3346 1562 3388 esse
1609 3323 1969 3388 rationibus
2000 3322 2392 3388 firmissimis
2427 3327 2491 3387 et
2519 3321 2994 3386 mathematicis
3039 3321 3310 3407 cognita

763 3428 1044 3495 musicae
1092 3430 1456 3497 differentia
1501 3432 1868 3497 curabimus
1918 3432 2276 3497 ostendere.

1577 3718 2065 3800 capitulum
2128 3720 2483 3787 sextum.

869 3888 1091 3967 Quod
1147 3890 1473 3960 musicae
1531 3888 1951 3961 differentia
2012 3912 2164 3960 non
2222 3896 2331 3960 est
2382 3888 2461 3959 in
2519 3887 2875 3982 qualitate
2932 3887 3059 3992 sed
3116 3886 3199 3957 in

1814 4031 2247 4125 quantitate.

764 4184 917 4316 Est
1005 4182 1176 4246 enim
1262 4182 1626 4247 differentia
1707 4182 1992 4247 musicae
2076 4182 2145 4246 in
2226 4181 2583 4266 quantitate
2665 4180 2825 4245 arsis
2902 4179 3005 4244 vel
3097 4178 3308 4245 thesis

896 4291 1264 4375 constituta,
1311 4313 1443 4356 11011
1489 4294 1704 4355 autem
1747 4291 1817 4354 in
1862 4290 2307 4375 magnitudine
2354 4289 2489 4355 sive
2534 4289 2911 4355 fortitudine
2969 4290 3081 4351 aut
3127 4289 3309 4353 vocis

767 4398 1103 4464 debilitate
1178 4399 1467 4463 collata2.
1574 4398 1734 4463 Cum
1813 4400 1982 4464 enim
2056 4400 2125 4463 in
2202 4402 2337 4463 arte
2416 4397 2790 4463 Gnidonis
2865 4401 2995 4461 tres
3072 4418 3311 4461 vocum

942 4576 962 4613 1
1037 4572 1148 4626 uia.
1191 4600 1195 4605 ·

938 4660 961 4696 2
996 4590 1060 4713 lln
1087 4659 1278 4715 seiner
1301 4659 1518 4714 bereits
1546 4660 1932 4729 angeffihrten
1960 4678 2146 4730 gegen
2172 4659 2365 4714 Ramis
2402 4659 2764 4729 gerichteten
2794 4656 3008 4713 Schrift
3032 4657 3317 4714 &citatio

766 4747 1031 4820 quaedam
1055 4746 1300 4806 Musicae
1335 4746 1476 4805 artis
1505 4765 1606 4821 per
1640 4747 2037 4815 refutationem,
2078 4747 2294 4803 welche
2334 4746 2458 4801 sich
2492 4747 2572 4800 im
2603 4745 3017 4801 wesentlichen
3056 4744 3169 4800 mit
3210 4747 3319 4803 der
