3592 5509
1784 411 2218 477 -36-

730 585 911 669 vero,
976 587 1030 650 si
1089 587 1215 651 duo
1270 589 1526 650 tantum
1583 589 1854 669 occupet
1909 585 2137 670 spatia.
2231 583 2340 650 Sic
2411 607 2565 672 ergo
2637 586 2885 649 minore
2953 585 3272 648 existente

733 693 1116 780 imperfecto
1179 694 1385 760 maior
1440 693 1663 778 perfici
1717 694 1962 777 poterit
2018 698 2083 758 et
2131 716 2163 757 e
2210 697 2435 758 contra
2481 692 2649 758 sicut
2690 693 2759 757 in
2806 693 2950 757 aliis
2995 691 3270 777 signis*.

730 801 1052 868 Perfectio
1103 803 1299 867 etiam
1344 801 1656 885 temporis
1700 802 1922 885 pausis
1967 800 2263 866 brevium
2309 801 2652 866 denotatur
2697 801 2889 866 aliter
2917 801 3272 866 secundum

727 931 865 992 nos,
915 909 1106 975 aliter
1149 931 1303 974 vero
1350 910 1703 974 secundum
1750 908 2072 993 antiquoS,
2108 908 2430 993 quoniam,
2463 913 2538 974 ut
2568 909 2660 974 ait
2690 908 3004 994 magister
3031 908 3276 972 Fran-

729 1018 1019 1102 ciscus‚
1068 1017 1123 1082 si
1176 1040 1379 1102 pausa
1437 1017 1749 1101 temporis
1808 1020 2080 1101 occupat
2131 1021 2343 1081 totum
2405 1016 2713 1101 spatium,
2762 1021 2972 1081 totum
3016 1020 3272 1099 tempus

629 1106 638 1113 ’
731 1127 998 1191 denotat
1056 1125 1433 1210 perfectum.
1528 1125 1646 1189 Sin
1698 1147 1856 1190 vero
1915 1126 2074 1189 duas
2129 1125 2324 1208 spatii
2367 1129 2588 1209 partes
2635 1124 3060 1209 occupaverit,
3113 1124 3271 1187 duas

729 1233 1043 1318 temporis
1089 1237 1308 1317 partes
1356 1234 1782 1312 demonstrat3
1832 1233 1888 1296 si
1935 1237 2152 1297 autem
2190 1236 2445 1298 tantum
2485 1254 2698 1314 unam,
2733 1232 2990 1297 unicam
3020 1235 3270 1316 partem

730 1341 1040 1420 morulae,
1091 1340 1242 1425 quia
1287 1363 1481 1405 unam
1527 1340 1846 1405 minorem
1879 1340 2179 1405 ostendit.
2256 1339 2589 1405 Neoterici
2637 1362 2788 1405 vero
2827 1361 2960 1405 non
2990 1339 3099 1417 sic,
3135 1339 3270 1421 sed,

731 1451 986 1534 quando
1045 1450 1203 1513 duas
1261 1448 1571 1533 temporis
1624 1448 1852 1513 tertias
1910 1449 2137 1513 volunt
2179 1448 2527 1531 insinuare,
2580 1448 2736 1512 duas
2790 1469 3025 1532 pausas
3081 1447 3274 1512 semi-

724 1565 941 1631 brevis
996 1587 1193 1629 unam
1247 1565 1429 1629 iuxta
1483 1564 1677 1629 aliam
1730 1564 1856 1630 hoc
1899 1566 2093 1630 modo
2141 1577 2332 1604 ''¹‘ss-
2381 1564 2757 1649 disponunt3
2819 1569 2884 1629 et
2927 1569 3081 1628 tunc
3126 1586 3273 1647 per-

726 1671 969 1738 fectum
1029 1695 1167 1738 esse
1230 1677 1485 1756 tempus
1545 1678 1719 1737 recte
1766 1671 2238 1759 cognoscimus,
2288 1672 2437 1757 quia
2481 1678 2688 1738 totam
2731 1694 3002 1756 pausam
3053 1671 3270 1736 brevis

723 1786 857 1845 tres
914 1781 1196 1846 minores
1249 1781 1465 1845 valere
1523 1779 1969 1866 intelligimuS,
2037 1803 2115 1845 ex
2179 1803 2306 1865 quo
2358 1781 2453 1846 ibi
2512 1782 2676 1846 duae
2729 1781 2962 1846 tertiae
3021 1785 3085 1846 et
3137 1802 3271 1847 non

734 1893 874 1954 tota
933 1889 1192 1974 integra
1243 1887 1459 1973 posita
1515 1891 1681 1952 sunt.
1774 1887 1944 1951 Nam
2015 1889 2270 1973 quando
2335 1893 2591 1973 tempus
2649 1894 2748 1953 est
2797 1887 3268 1972 imperfectum,

723 2019 927 2081 pausa
972 1996 1283 2080 temporis
1327 1999 1581 2060 tantum
1625 1995 1802 2060 valet
1847 1999 2157 2079 quantum
2201 2015 2442 2080 pausae
2490 1997 2760 2060 duarum
2791 1995 3267 2061 semibrevium.

724 2114 826 2179 Ad
876 2113 1029 2199 quid
1076 2134 1231 2199 ergo
1279 2113 1591 2177 deberent
1632 2112 1789 2196 poni
1836 2113 2000 2177 duae
2047 2112 2139 2177 sic
2183 2125 2400 2196 ’ΤΤ··“,
2451 2113 2505 2177 si
2551 2136 2679 2179 una
2722 2113 2846 2179 hoc
2891 2114 3082 2178 modo
3127 2123 3273 2180 ΞΕ

729 2220 1097 2285 sufficeret?
1176 2219 1445 2285 Frustra
1495 2219 1570 2283 fit
1636 2241 1754 2304 per
1809 2220 2021 2304 plura,
2088 2221 2256 2304 quod
2302 2225 2521 2305 potest
2573 2220 2715 2285 fieri
2774 2244 2892 2305 per
2943 2222 3266 2305 pauciora.

896 2327 1145 2394 Eodem
1199 2329 1392 2392 modo
1449 2327 1785 2392 deducitur
1841 2329 1919 2392 de
1973 2327 2338 2411 prolatione
2410 2326 2727 2412 perfecta,
2806 2330 3138 2413 quoniam,
3215 2331 3273 2394 si

723 2436 887 2500 duae
911 2433 1153 2519 pausae
1184 2435 1491 2500 minimae
1522 2434 1648 2500 hoc
1678 2435 1872 2500 modo
1903 2481 2092 2510 ,μη-
2122 2437 2544 2520 reperiantur,
2578 2435 2934 2520 perfectam
2961 2437 3230 2502 denotas
3250 2443 3271 2482 1

720 2547 1173 2632 prolationem,
1222 2547 1419 2612 etiam
1451 2548 1506 2611 si
1554 2547 1729 2610 aliud
1762 2568 1894 2611 non
1923 2546 2122 2612 fuerit
2151 2548 2425 2634 signum.
2502 2547 2673 2613 Nam
2704 2549 2958 2632 quando
2989 2549 3270 2633 prolatio

724 2661 824 2721 est
880 2653 1287 2740 imperfecta,
1354 2659 1608 2719 tantum
1666 2654 1846 2720 valet
1902 2663 2108 2739 pausa
2163 2655 2540 2722 semibrevis
2611 2656 2702 2722 sic
2758 2676 2901 2732 Σ,-
2959 2661 3272 2742 quantum

723 2769 886 2832 duae
945 2789 1185 2852 pausae
1241 2767 1549 2831 minimae
1602 2766 1728 2832 hoc
1791 2769 1985 2833 modo
2037 2815 2264 2851 μμ,
2334 2768 2537 2854 igitur
2601 2757 2768 2833 sicut
2830 2770 2907 2834 de
2976 2773 3269 2853 tempore

719 2877 1145 2965 figurandum.
1250 2879 1336 2944 Et
1394 2885 1537 2963 (pag.
1592 2884 1676 2962 70)
1744 2901 1864 2964 per
1929 2882 2100 2964 quod
2167 2880 2483 2965 perfectio
2552 2885 2665 2946 aut
2727 2879 3134 2965 imperfectio
3202 2881 3272 2944 in

719 2987 951 3052 maiori
993 2987 1357 3074 prolatione
1406 2987 1858 3073 distinguatur,
1907 3010 2041 3052 non
2086 2989 2385 3054 omnibus
2431 2989 2804 3054 cantoribus
2851 2993 3105 3053 constat
3147 3011 3269 3052 nec

724 3095 989 3160 musicis
1038 3096 1424 3180 quibusdam
1468 3099 1541 3160 ut
1584 3095 1949 3160 Tristano
1999 3096 2085 3160 de
2135 3095 2346 3161 Silva
2391 3097 2597 3161 amico
2643 3100 2886 3180 nostro,
2945 3096 3054 3181 qui
3099 3118 3272 3161 cras-

720 3224 861 3267 sam
917 3201 1292 3268 Iohannis
1348 3204 1435 3268 de
1492 3203 1728 3266 Muris
1784 3203 2158 3287 opinionem
2217 3203 2496 3268 affirmat
2553 3204 2771 3269 dicens
2837 3204 3270 3288 prolationem

720 3309 1079 3402 perfectam
1128 3332 1268 3375 esse
1315 3311 1627 3374 maiorem
1670 3309 2248 3395 imperfectamque
2293 3313 2627 3376 minorem.
2724 3311 2932 3390 Quam
2980 3316 3044 3377 et
3104 3312 3270 3375 anti-

723 3439 997 3503 quorum
1028 3419 1413 3482 auctoritate
1449 3422 1514 3482 et
1544 3439 1860 3484 novorum
1889 3422 2341 3502 provectorum
2377 3419 2669 3503 exemplo
2705 3424 2770 3485 et
2808 3419 3268 3486 mathematica

722 3526 1273 3591 demonstratione
1318 3525 1617 3591 volumus
1661 3526 2029 3609 improbare
2076 3526 2354 3609 primum
2400 3526 2518 3592 sic:

893 3630 1217 3717 Egidius
1265 3633 1353 3696 de
1398 3632 1691 3697 Marino
1739 3633 1818 3696 de
1864 3633 2134 3697 minima
2189 3637 2473 3698 tractans
2535 3635 2628 3699 ait
2678 3634 2942 3716 merito:
3006 3634 3267 3700 tertiam

722 3740 918 3805 debet
950 3741 1247 3805 amittere
1280 3745 1552 3825 partem,
1598 3745 1910 3824 punctum
1949 3761 2122 3823 vero,
2173 3741 2324 3826 quia
2368 3741 2533 3805 nihil
2575 3741 2776 3807 habet
2821 3743 2940 3808 sub
2982 3765 3078 3825 se,
3123 3747 3267 3806 tan-

718 3851 861 3911 tum
888 3848 1327 3912 medietatem.
1406 3847 1479 3912 Si
1519 3848 1722 3933 igitur
1764 3849 2034 3913 minima
2078 3850 2340 3913 tertiam
2382 3856 2601 3933 potest
2647 3853 2945 3918 amittere
2990 3855 3260 3935 partem,

901 4090 920 4125 1
959 4086 1258 4141 denotans.

892 4173 921 4207 *
958 4172 1073 4227 Nos
1120 4173 1295 4226 aliter
1340 4174 1636 4228 sentimus.
1716 4173 1845 4229 Non
1894 4174 2049 4228 enim
2099 4191 2325 4244 semper
2371 4175 2602 4244 signum
2656 4175 3030 4246 perfectionis
3081 4180 3265 4232 totam

720 4258 981 4313 continet
1017 4258 1451 4329 perfectionem,
1490 4263 1555 4313 ut
1591 4260 1701 4313 hoc
1738 4262 1800 4314 et
1837 4259 2122 4315 similibus
2163 4261 2443 4332 exemplis
2483 4264 2734 4317 constat:

1132 4356 2562 4480 Q
2597 4399 2691 4454 vel
2736 4400 2845 4454 sic-

1220 4703 1239 4752 l
