3592 5509
1784 395 1870 405 -
1962 359 2310 449 112--⁴

750 541 1047 617 recipiunt
1078 542 1139 598 et
1175 538 1629 598 intervallorum
1659 536 2070 614 dimensiones,
2116 541 2189 596 ut
2217 535 2376 612 apud
2405 536 2708 614 Boetium,
2739 536 3066 614 Architam,
3098 536 3287 612 Didy-

754 665 935 721 mum,
982 642 1405 703 Aristoxenum
1448 645 1511 701 et
1554 641 1961 702 Ptolemaeum
2009 643 2256 718 constat,
2304 659 2562 717 quorum
2601 639 2986 700 deductiones
3027 639 3284 700 secundo

751 750 822 809 de
873 749 1180 809 harmonia
1232 747 1549 826 diligenter
1599 747 2023 822 impressimus.
2129 747 2358 805 Rursus
2413 765 2549 806 cum
2601 765 2635 804 a
2689 744 2795 804 dm·
2847 745 2921 805 ad
2952 744 3150 822 patris
3193 745 3282 804 in-

750 859 985 913 tensum
1028 851 1503 912 trihemitonium
1545 853 1739 927 putes,
1787 850 1948 910 idem
1989 850 2408 910 inconveniens
2449 868 2570 909 non
2613 849 2876 910 evitabiS.

922 937 1391 1015 Enharmonicus
1435 958 1635 1014 autem
1664 955 1846 1013 huius
1875 953 2098 1013 tenoris
2127 971 2438 1031 processus
2467 973 2502 1012 a
2529 957 2589 1013 te
2618 954 2732 1013 hoc
2763 952 2966 1013 ordine
2995 953 3281 1014 sumitur:

750 1081 883 1120 nam
930 1081 964 1118 a
1009 1064 1073 1118 tu
1115 1058 1189 1118 ad
1234 1057 1296 1116 lu
1340 1058 1409 1118 fit
1449 1059 1832 1118 ‚semitonium
1874 1057 2355 1136 incompositum,
2403 1058 2546 1134 quia
2584 1057 2634 1116 si
2665 1076 2845 1134 supra
2873 1056 2935 1115 F'
2953 1061 3285 1118 moraretur

751 1165 936 1224 altera
980 1163 1225 1240 syllaba,
1264 1166 1428 1223 ‚esset
1470 1182 1505 1220 a
1549 1167 1613 1220 tu
1651 1161 1727 1220 ad
1754 1161 1820 1219 lu
1847 1161 2229 1222 semitonium
2259 1161 2657 1238 compositum
2685 1161 2914 1220 scilicet
2941 1181 3048 1237 per
3077 1161 3284 1220 diesim

754 1270 813 1327 et
856 1267 1065 1329 diesim
1106 1265 1577 1343 pronuntiatum.
1667 1265 1952 1342 Idemque
1996 1286 2031 1325 a
2075 1265 2140 1323 lu
2182 1265 2258 1325 ad
2299 1283 2435 1324 men
2457 1265 2592 1325 -erit
2635 1265 3016 1324 semitonium
3057 1265 3284 1324 incom-

750 1372 1016 1448 positum
1060 1370 1162 1430 sed
1207 1370 1543 1430 demissum.
1613 1369 1700 1429 At
1728 1373 1934 1429 contra
1962 1369 2076 1428 hoc
2106 1369 2357 1428 dicimus
2388 1368 2549 1445 quod
2579 1369 2728 1428 duae
2773 1369 3031 1445 syllabae
3062 1369 3282 1430 duaeve

752 1476 992 1536 notulae
1038 1474 1431 1535 diversisonae
1476 1492 1601 1533 sese
1629 1492 1748 1532 non
1781 1473 2229 1550 compatiuntur
2257 1472 2320 1531 in
2349 1472 2582 1548 F'fa-ut
2606 1492 2798 1549 neque
2829 1473 2890 1530 in
2923 1471 3280 1550 G'sol-re-ut,

753 1598 891 1638 cum
934 1579 1014 1638 sit
1054 1578 1141 1637 ibi
1186 1579 1347 1638 solus
1391 1579 1558 1637 locus
1598 1577 1728 1636 sola
1774 1576 1993 1637 chorda
2036 1595 2248 1636 sonum
2289 1577 2536 1636 unicum
2579 1575 2916 1654 procedens.
2993 1577 3138 1636 Inde
3172 1577 3286 1634 im-

751 1686 981 1742 mutata
1024 1682 1281 1741 secunda
1323 1681 1654 1740 mediarum
1698 1680 1920 1740 chorda
1961 1681 2194 1741 acutior
2235 1681 2298 1739 in
2343 1681 2554 1756 quovis
2605 1679 2982 1741 tetrachordo
3040 1680 3286 1740 diversis

754 1786 1071 1864 generibus
1113 1805 1233 1844 non
1277 1785 1608 1844 ascribitur.
1701 1784 1928 1844 Verum
1971 1805 2006 1843 a
2051 1790 2115 1843 tu
2158 1784 2233 1844 ad
2274 1782 2438 1860 splen
2480 1785 2695 1861 procul
2747 1784 2928 1843 dubio
2984 1783 3284 1862 integrum

754 1889 1113 1949 diatessaron
1171 1889 1457 1948 diastema
1510 1891 1890 1948 mensuratur
1940 1889 2090 1947 nihil
2147 1888 2418 1965 profecto
2471 1888 2916 1948 enharmonicae
2979 1889 3285 1948 densitatis

755 1992 1083 2053 ostendens.
1178 1993 1409 2051 Rursus
1465 2012 1500 2051 a
1550 1991 1715 2067 splen
1756 1991 1832 2050 ad
1875 1991 1984 2050 dor
2026 1993 2142 2052 erit
2198 1992 2388 2052 ditoni
2438 1992 2667 2051 remissi
2723 1991 2982 2069 spatium
3027 1994 3206 2067 atque
3252 2012 3285 2051 a

755 2096 862 2154 dor
906 2096 981 2155 ad
1013 2095 1211 2172 patris
1264 2096 1697 2173 praesupponis
1748 2096 2211 2173 incompositum
2263 2096 2536 2156 ditonum
2589 2097 2904 2157 intensum.
2996 2096 3287 2156 Adiacent

752 2201 957 2277 itaque
1002 2200 1434 2261 chromaticum
1478 2202 1537 2258 et
1582 2201 2063 2259 enharmonicum
2105 2200 2472 2277 praescripto
2502 2201 2696 2259 tenori
2736 2201 2801 2259 in
2829 2201 2955 2260 solo
2987 2199 3282 2260 diatonico

755 2304 1131 2363 tetrachordo
1162 2304 1391 2364 nullam
1420 2304 1695 2380 propriae
1726 2302 2036 2364 densitatis
2063 2304 2313 2362 formam
2343 2304 2818 2364 demonstrantia.
2877 2304 3020 2362 Inde
3052 2305 3286 2381 enigma

754 2409 815 2466 et
860 2426 1140 2467 canonem
1182 2408 1381 2484 ipsum
1433 2406 1928 2466 Bartholomaeus
1983 2410 2334 2484 praeceptor
2387 2410 2548 2485 tuuS,
2608 2427 2786 2484 quem
2840 2407 3106 2484 imitaris,
3163 2427 3282 2466 non

754 2529 889 2570 sane
954 2511 1249 2586 disposuit
1307 2529 1502 2587 neque
1563 2511 1833 2587 ipsorum
1900 2530 2184 2589 generum
2249 2512 2575 2588 spissorum
2643 2513 2948 2572 formalem
3008 2515 3282 2570 naturam

751 2614 1045 2674 intellexit
1061 2615 1100 2672 ¹.

931 2818 950 2854 1
985 2815 1226 2885 Spataro
1263 2817 1460 2872 macht
1492 2816 1553 2871 in
1588 2817 1690 2872 der
1721 2818 2138 2888 angegebenen
2174 2817 2392 2873 Schrift
2427 2817 2480 2872 S.
2506 2819 2615 2872 45b
2651 2817 2858 2874 darauf
2885 2816 3282 2883 aufmerknam,

757 2902 867 2957 dass
893 2901 1086 2957 Ramis
1113 2902 1175 2956 in
1202 2902 1333 2958 dem
1358 2903 1563 2958 Kanon
1589 2903 1681 2958 die
1710 2904 1834 2959 drei
1858 2904 2382 2974 Tongeschlechter
2413 2905 2513 2959 auf
2552 2905 2643 2959 die
2677 2903 2924 2960 Praxis
2963 2902 3284 2969 anwendet‚

754 2989 1029 3043 wahrend
1068 2987 1333 3043 Gafurius
1371 2989 1727 3046 theoretisch
1763 2991 1910 3046 fiber
1943 2991 2028 3046 sie
2065 2991 2306 3046 handelt
2347 2992 2553 3061 (perche
2587 2991 2690 3045 tali
2720 2990 2808 3045 soi
2834 2990 3026 3060 yeneri
3052 3007 3154 3043 son
3182 2989 3286 3058 qiu

755 3075 874 3128 dati
904 3075 998 3129 dal
1030 3075 1221 3130 orvane
1249 3077 1493 3144 practico
1528 3082 1575 3131 et
1609 3077 1810 3132 usitato
1846 3082 1893 3130 et
1927 3083 1986 3131 tu
2021 3077 2268 3147 arquis-se
2303 3078 2562 3144 theorice).
