3592 5509
1343 406 1775 470 -97-

291 581 716 646 fractionibus
761 583 1052 644 nostrum
1098 578 1449 662 divisimus,
1504 601 1587 644 ne
1646 584 1711 644 et
1756 575 2232 645 arithmeticam
2293 585 2356 644 et
2399 580 2825 666 geometriam

297 689 735 754 addiscentem
779 688 956 772 prius
988 687 1369 773 cognovisse
1417 692 1589 752 esset
1615 688 2082 767 necessarium3
2128 710 2280 752 nam
2327 692 2499 753 esset
2539 687 2823 753 incidere

291 797 361 861 in
410 818 645 881 errore,
708 819 900 881 quem
942 794 1407 879 prohibuimus,
1503 794 1800 860 Diximus
1860 793 2031 860 enim
2085 795 2250 860 nihil
2304 794 2534 860 horum
2584 795 2684 860 illi
2743 796 2824 860 ad

293 910 582 970 nostram
629 904 986 971 doctrinam
1029 903 1493 988 capescendam
1540 925 1680 968 esse
1725 905 2180 987 necessarium,
2228 904 2419 970 modo
2450 904 2674 987 primis
2720 926 2825 968 ru-

293 1013 598 1078 dimentis
645 1017 816 1078 esset
862 1013 1142 1077 edoctus.
1234 1012 1507 1095 Propter
1538 1011 1711 1095 quod
1740 1010 2036 1094 diximuS,
2084 1010 2392 1076 chordam
2433 1012 2648 1077 medio
2685 1034 2822 1076 esse

294 1121 705 1198 dividendam
750 1124 862 1185 aut
906 1120 1334 1204 quantitatem
1380 1119 1849 1202 duplicandam,
1896 1118 2350 1202 triplicandam
2396 1123 2508 1183 aut
2539 1141 2656 1202 per
2698 1120 2825 1184 tria

292 1227 433 1293 fore
478 1229 838 1309 secandam,
896 1227 1009 1312 qui
1050 1227 1313 1293 termini
1366 1226 1690 1292 notissimi
1734 1227 2112 1313 vulgaribus
2159 1230 2325 1291 sunt.
2416 1209 2626 1291 Nuno'
2649 1247 2820 1309 vero,

294 1335 447 1419 quia
491 1335 569 1400 de
617 1335 977 1420 quantitate
1010 1336 1303 1417 discreta,
1350 1333 1475 1399 hoc
1522 1339 1621 1399 est
1665 1335 1745 1399 de
1789 1334 2077 1399 numeris
2126 1338 2192 1399 et
2220 1355 2632 1398 numerorum
2677 1355 2825 1417 pro-

292 1443 718 1527 portionibus,
767 1443 999 1528 aliqua,
1050 1465 1213 1528 quae
1244 1442 1455 1527 magis
1484 1443 1859 1508 cantoribus
1906 1464 2046 1507 esse
2079 1443 2444 1508 necessaria
2477 1463 2825 1528 cognosce-

293 1551 541 1634 bamus,
615 1551 1200 1634 determinavimus,
1266 1551 1525 1615 easdem
1582 1571 1739 1634 quas
1796 1551 2130 1634 posuimus
2189 1549 2466 1615 chordae
2521 1549 2823 1635 vulgares

290 1659 642 1724 divisiones
688 1661 769 1724 ad
813 1660 1133 1724 rationem
1160 1679 1575 1723 numerorum
1606 1657 2023 1742 applicantes,
2072 1658 2142 1722 in
2187 1659 2418 1742 quibus
2460 1659 2825 1741 proportio-

289 1767 483 1832 nibus
528 1767 903 1850 consistant,
950 1768 1363 1858 ostendemus
1408 1767 1534 1831 hoc
1578 1767 1803 1831 modo:

464 1874 585 1938 Est
630 1874 801 1940 enim
832 1875 1072 1940 chorda
1112 1875 1184 1938 in
1227 1878 1367 1938 tota
1413 1873 1512 1937 sui
1542 1873 1950 1959 longitudine
1983 1874 2262 1958 exempli
2292 1875 2504 1960 gratia
2550 1878 2826 1957 quatuor

288 2004 441 2047 cum
485 1982 717 2068 viginti
775 1983 1143 2065 digitorum,
1205 2003 1369 2066 quae
1423 2003 1461 2065 q
1505 2002 1548 2045 a
1601 1983 1857 2065 punctis
1913 1984 2312 2046 terminatur.
2410 1982 2573 2046 Cum
2625 1981 2826 2068 igitur

292 2112 439 2154 eam
482 2089 697 2155 medio
757 2112 1049 2155 secamus
1104 2091 1324 2154 littera
1376 2089 1419 2152 h
1476 2089 1833 2154 sectionem
1889 2091 2240 2177 signantes,
2295 2112 2334 2174 q
2387 2091 2430 2154 h
2482 2089 2824 2155 duodecim

294 2199 650 2284 digitorum
708 2201 792 2264 ad
846 2222 885 2283 q
928 2222 971 2263 a
1014 2199 1247 2285 viginti
1306 2205 1582 2286 quatuor
1630 2201 1702 2265 in
1754 2199 1952 2285 dupla
2005 2199 2352 2264 collatione
2409 2199 2819 2282 respondent.

290 2306 366 2371 Si
410 2307 611 2392 igitur
667 2307 973 2374 chordam
1026 2308 1097 2372 in
1140 2312 1279 2373 tota
1324 2309 1424 2372 sui
1477 2309 1763 2394 longitu-
1809 2309 1952 2393 (pag.
1975 2312 2057 2391 79)
2109 2308 2256 2372 dine
2309 2309 2702 2392 percusseris
2761 2310 2826 2370 et

286 2437 452 2481 sono
497 2438 816 2500 perpenso
865 2416 1137 2502 digitum
1179 2417 1249 2480 in
1292 2421 1534 2500 puncto
1577 2417 1620 2480 h
1664 2421 2144 2500 superponens¹
2190 2415 2496 2480 chordam
2541 2417 2584 2479 h
2623 2437 2661 2498 q
2703 2415 2823 2479 im-

288 2522 551 2606 puleris,
624 2525 1113 2589 consonantiam
1171 2523 1481 2609 diapason
1540 2545 1845 2601 resonare
1906 2523 2365 2607 deprehendes.
2459 2523 2568 2588 Sic
2623 2524 2826 2609 igitur

288 2630 607 2714 diapason
649 2632 719 2696 in
767 2631 962 2716 dupla
1007 2632 1240 2696 dicitur
1288 2653 1427 2696 esse
1473 2630 1870 2696 habitudine.
1967 2631 2127 2696 Cum
2173 2652 2327 2696 vero
2372 2632 2415 2695 h
2458 2653 2500 2695 a
2543 2632 2823 2696 mediam

286 2738 635 2804 dividimus
682 2740 1111 2823 quantitatem
1154 2738 1375 2804 littera
1426 2741 1472 2803 d
1510 2739 1580 2804 in
1624 2739 1838 2804 medio
1859 2793 1866 2806 ,
1884 2740 2360 2825 consignantes,
2419 2738 2658 2804 chorda
2702 2741 2758 2832 d*
2788 2761 2825 2824 q

260 2845 375 2909 ’18
422 2848 773 2933 digitorum
820 2869 959 2912 esse
1006 2851 1277 2932 constat,
1340 2869 1503 2931 quae
1550 2848 1633 2913 ad
1674 2852 1882 2912 totam
1927 2851 2299 2931 comparata
2345 2848 2823 2932 sesquitertiam

286 2955 493 3018 servit
534 2956 1036 3040 proportionem.
1127 2956 1285 3020 Inde
1335 2977 1488 3041 ergo
1538 2959 1652 3039 est,
1702 2957 1875 3040 quod
1918 2977 1962 3019 a
1989 2958 2035 3020 d
2076 2956 2478 3021 diatessaron
2527 2961 2624 3020 est
2655 2977 2824 3040 sym-

288 3060 548 3144 phonia.
640 3063 730 3127 At
772 3084 943 3143 vero,
1002 3083 1145 3126 cum
1192 3061 1621 3146 quantitatem
1674 3063 1717 3126 h
1762 3084 1800 3146 q
1843 3062 2059 3128 medio
2105 3083 2396 3127 secamus
2451 3062 2738 3128 litteram
2772 3085 2824 3147 p

290 3170 359 3232 in
406 3170 712 3234 sectionis
768 3170 982 3234 medio
1036 3170 1449 3256 configentes,
1512 3174 1791 3236 constat.
1808 3193 1860 3255 p
1904 3192 1943 3254 q
2004 3193 2116 3236 sex
2160 3174 2413 3234 tantum
2475 3191 2612 3238 esse
2661 3171 2825 3256 digi-

288 3281 525 3362 torum,
576 3279 686 3363 qui
728 3300 1035 3343 numerus
1082 3282 1309 3362 quater
1352 3279 1580 3343 ductus
1624 3278 1710 3342 24
1754 3278 2001 3362 implet.
2092 3279 2266 3365 Ergo
2300 3279 2658 3363 quadrupla
2705 3279 2825 3342 erit

291 3385 607 3452 habitudo
652 3387 1037 3453 necessario.
1129 3387 1287 3451 Inde
1346 3408 1501 3472 ergo
1559 3391 1683 3476 est,
1742 3386 1914 3470 quo'd
1955 3409 2008 3472 p
2050 3386 2271 3451 littera
2317 3388 2400 3451 ad
2444 3391 2530 3451 οι2
2582 3387 2824 3452 bisdia—

292 3515 499 3577 pason
552 3499 815 3558 resonat
865 3494 1214 3560 melodiam
1272 3516 1543 3578 cumque
1588 3495 1631 3558 h
1664 3518 1717 3579 p
1758 3493 1975 3559 medio
2035 3495 2242 3559 divisa
2283 3495 2503 3559 littera
2548 3496 2572 3559 l
2622 3496 2823 3559 sectio

288 3603 601 3688 signatur,
651 3601 693 3665 9
740 3624 880 3667 esse
924 3604 1014 3686 lq
1059 3602 1408 3688 digitorum
1442 3602 1870 3687 quantitatem
1898 3607 2074 3667 recte
2107 3603 2578 3687 conspicimus·
2615 3602 2824 3679 Quam
2857 3653 2864 3662 .

287 3711 345 3774 si
392 3711 473 3774 ad
516 3713 722 3776 totam
768 3733 1228 3795 comparemus,
1280 3710 1538 3794 duplam
1584 3710 2236 3795 superbipartientem
2267 3711 2680 3776 collationem
2725 3712 2824 3775 in-

290 3818 621 3883 veniemus
654 3818 965 3902 diapason
1012 3822 1076 3883 et
1105 3818 1507 3883 diatessaron
1540 3802 2042 3884 'consonantiam
2072 3811 2578 3902 conservant-em,
2631 3843 2822 3904 quam

268 3924 365 3990 'ut
410 3927 502 3991 ait
553 3928 938 4009 Boetius³‚
997 3927 1173 3990 solus
1232 3927 1725 3991 Ptolemaeus
1778 3927 1951 3991 inter
2005 3928 2486 3992 consonantias·
2516 3929 2818 3993 admittit.

291 4033 422 4098 Sed
469 4035 547 4099 de
576 4034 697 4118 his,
748 4035 897 4118 quia
944 4038 1009 4098 et
1049 4033 1120 4098 in
1152 4035 1617 4117 compositione
1648 4034 1848 4099 trium
1879 4039 2280 4120 quatuorque
2311 4057 2542 4101 vocum
2577 4039 2825 4121 experi-

293 4145 467 4208 entia
512 4143 730 4227 aliqua
758 4142 1257 4207 monstrabimus
1292 4146 1356 4206 et
1386 4145 1633 4207 ratione
1664 4143 1858 4226 paulo
1889 4147 2040 4227 post
2080 4143 2151 4206 in
2191 4142 2630 4226 speculatione
2674 4167 2822 4228 per-

288 4250 495 4315 multa
541 4251 771 4316 dicturi
816 4272 1053 4334 sumus,
1100 4249 1205 4314 hic
1252 4251 1759 4333 supersedemus.

466 4358 629 4423 Cum
681 4360 883 4445 igitur
932 4362 1136 4423 totam
1190 4357 1496 4424 chordam
1556 4381 1672 4443 per
1724 4360 1852 4423 tria
1896 4360 2258 4424 dividentes
2316 4364 2381 4424 et
2439 4382 2476 4423 a
2519 4360 2738 4425 littera
2784 4383 2822 4444 q

291 4489 508 4530 versus
553 4488 597 4530 a
639 4466 970 4530 venientes
1023 4466 1091 4529 in
1135 4466 1357 4531 trienti
1400 4465 1685 4531 litteram
1742 4467 2042 4552 ponimus
2088 4489 2156 4531 m
2203 4472 2268 4532 et
2310 4468 2380 4531 in
2424 4469 2612 4532 besse
2658 4491 2722 4562 e,
2753 4491 2820 4531 m

468 4703 485 4737 ¹
521 4701 993 4768 superponentes.
1408 4701 1431 4737 2
1468 4700 1519 4753 d.
1934 4701 1959 4740 3
1994 4700 2137 4754 Inst.
2176 4699 2321 4754 Mus.
2344 4699 2413 4767 V,
2437 4700 2486 4754 8.

392 4800 597 4844 Beihefte
625 4801 701 4842 der
727 4802 845 4844 IMG.
885 4803 961 4842 ΠΛ
2375 4802 2406 4855 7
