3592 5509
958 414 1164 484 Figura
1197 415 1245 468 5.

1886 413 2316 476 —35-

1459 585 1588 652 Sed
1666 590 1895 671 quarta
1950 573 1982 649 b
2038 587 2318 652 secunda
2380 573 2412 648 b
2473 587 2835 671 quantitate
2911 608 3026 669 per
3088 583 3396 650 medium

1462 694 1668 759 divisa
1713 694 2117 781 signabimus
2150 694 2449 759 tertiam¹
2484 685 2535 759 l).
2608 693 2736 758 Sed
2782 694 2975 758 tertia
3019 695 3051 764 b
3089 716 3129 776 q
3175 713 3397 777 quan-

1458 802 1613 868 titas
1659 803 1714 868 si
1760 805 1897 888 [per
1925 803 2227 886 medium]
2271 802 2609 881 dividatur,
2660 802 2886 886 quinta
2917 789 2949 864 {⁷
2985 801 3389 888 signabitur.

1458 910 1859 976 Habebimus
1903 910 2105 996 igitur
2151 933 2228 976 ex
2272 911 2393 975 hac
2429 911 2742 975 divisione
2776 911 3057 994 quinque
3093 901 3127 970 ἱ)
3158 906 3395 973 mollis

1349 1023 1351 1026 ⁴
1460 1019 1833 1083 coniunctas
1896 1042 1973 1084 ex
2035 1024 2213 1084 recta
2272 1019 2585 1099 divisione
2632 1041 3000 1104 perpensas,

1634 1126 1764 1191 Sed
1804 1127 1861 1191 si
1898 1116 1968 1204 32²
2000 1127 2292 1211 quadrati
2333 1127 2573 1193 habere
2614 1148 3030 1211 procuramus
3070 1127 3397 1191 coniunc—

1459 1239 1585 1317 taS,
1643 1257 1760 1318 per
1815 1235 1942 1299 tria
1987 1236 2022 1297 b
2053 1257 2091 1318 q
2137 1235 2494 1300 dividemus
2542 1239 2608 1300 et
2653 1259 2694 1300 a
2734 1237 2956 1300 littera
2992 1257 3030 1318 q
3076 1254 3312 1297 versus
3358 1232 3397 1294 b

1459 1343 1793 1408 venientes
1825 1344 1894 1407 in
1925 1343 2049 1408 fine
2080 1345 2335 1408 trientis
2358 1363 2671 1426 ponemus
2698 1347 3029 1427 quartam³
3065 1349 3097 1421 η
3123 1341 3395 1406 scilicet

1458 1451 1629 1514 inter
1671 1472 1721 1513 η
1748 1472 1785 1514 o
1836 1455 1901 1515 et
1944 1450 2012 1515 in
2046 1453 2235 1516 besse
2282 1451 2628 1516 secundam
2666 1442 2697 1522 b,
2729 1452 3155 1536 quadratam4,
3210 1469 3390 1532 quae

1460 1559 1649 1623 cadet
1703 1560 1876 1624 inter
1928 1560 2044 1643 sy.
2151 1559 2279 1624 Sed
2332 1559 2389 1622 si
2444 1560 2761 1624 secundae
2808 1551 2881 1639 &⁵
2934 1559 3299 1644 quadratae
3354 1578 3394 1638 q

1463 1667 1788 1750 quantitas
1819 1690 1937 1752 per
1965 1667 2091 1732 tria
2123 1667 2461 1746 dividatur,
2506 1690 2544 1731 a
2573 1666 2793 1732 littera
2823 1690 2861 1751 q
2892 1689 3114 1732 versus
3148 1687 3396 1730 secun-

1463 1777 1609 1840 dam
1649 1765 1676 1858 ἓ]
1725 1776 2105 1861 quadratam
2150 1776 2487 1840 venientes
2533 1776 2601 1839 in
2647 1776 2836 1839 besse
2882 1797 3195 1858 ponemus
3252 1776 3392 1837 ter—

1461 1885 1622 1948 tiam
1667 1888 1698 1962 ἥ
1757 1885 2005 1969 eritque
2073 1883 2244 1950 inter
2300 1885 2339 1947 k
2370 1886 2414 1967 l,
2477 1882 2656 1948 cuius
2714 1888 2779 1947 et
2832 1905 2870 1966 q
2926 1884 3263 1967 quantitas
3334 1880 3397 1944 si

1462 1991 1841 2076 duplicetur,
1895 1993 2235 2077 proveniet
2279 1993 2371 2056 sic
2415 1991 2625 2075 prima
2668 1983 2699 2072 ξ
2735 1991 2907 2056 inter
2951 2012 2984 2055 c
3012 1992 3057 2055 d
3098 1991 3391 2076 signata.

1461 2099 1861 2165 Habebimus
1907 2103 2109 2188 igitur
2157 2124 2234 2166 ex
2288 2101 2409 2165 hac
2456 2099 2769 2164 divisione
2830 2104 3104 2183 quatuor
3150 2102 3183 2179 k}
3227 2120 3397 2181 qua-

1463 2206 1629 2271 drati
1696 2211 2073 2275 coniunctas
2144 2232 2221 2273 ex
2287 2212 2464 2273 recta
2529 2207 2841 2274 divisione
2901 2206 3393 2291 provenienteS,

1442 2319 1534 2378 .ut
1576 2319 1759 2398 patet
1802 2317 1870 2380 in
1914 2315 2140 2401 figura.

1636 2424 1708 2489 Si
1777 2424 1949 2489 enim
2020 2426 2312 2509 quintam
2374 2424 2613 2490 habere
2692 2424 3111 2506 voluerimuS,
3184 2422 3397 2488 tertia

1463 2526 1569 2616 {qq
1626 2534 2055 2617 quantitatem
2099 2535 2313 2598 medio
2371 2533 2730 2598 dividamus
2793 2537 2859 2596 et
2918 2533 3040 2597 erit
3096 2554 3307 2615 supra
3342 2553 3397 2615 p

1461 2662 1578 2723 per
1625 2642 1782 2706 duos
1830 2646 2039 2707 tonos,
2117 2642 2357 2706 Verum
2405 2642 2555 2726 quia
2598 2640 2763 2706 nihil
2810 2641 2929 2705 sub
2976 2639 3397 2723 proslamba-

1461 2770 1785 2814 nomenon
1831 2773 1951 2814 nec
1983 2773 2176 2834 supra
2206 2755 2401 2815 neten
2432 2750 2876 2834 hyperboleon
2906 2748 2976 2812 in
3006 2753 3395 2813 mensurata

1461 2856 1666 2942 figura
1713 2859 1949 2923 addere
1995 2859 2307 2940 volumuS,
2372 2882 2499 2925 non
2549 2881 2689 2922 eam
2735 2858 3060 2941 ponimUS,
3119 2879 3263 2922 non
3316 2879 3395 2920 ex

1464 2987 1558 3047 ec,
1617 2967 1785 3050 quod
1830 2966 1969 3031 fieri
2014 2989 2144 3032 non
2189 2971 2424 3052 posset,
2482 2967 2596 3032 sed
2643 2967 2793 3050 quia
2846 2965 2973 3029 ista
3026 2969 3393 3029 tenuerunt

1462 3074 1710 3158 antiqui
1799 3081 1863 3138 et
1936 3098 1975 3138 a
2048 3076 2371 3140 Boetio
2448 3076 2539 3140 sic
2622 3074 2926 3138 traditam
3017 3074 3393 3157 reperimus

1462 3181 1838 3246 doctrinam.

1634 3289 1905 3368 Quando
1976 3315 2128 3378 ergo
2200 3279 2435 3356 addere
2504 3291 2746 3375 aliquid
2815 3291 2935 3356 sub
3004 3294 3116 3352 aut
3184 3311 3393 3371 supra

1459 3397 1853 3463 voluerimus
1899 3422 2030 3465 non
2062 3401 2143 3464 in
2193 3401 2416 3464 eadem
2463 3399 2731 3482 chorda,
2790 3399 2905 3464 sed
2958 3398 3025 3461 in
3083 3396 3389 3477 diversiS,

1458 3505 1673 3570 facere
1730 3509 2089 3591 poterimus
2154 3508 2617 3573 concordantes
2682 3508 2831 3573 illas
2894 3505 3167 3574 chordas
3236 3525 3393 3568 cum

1459 3612 1561 3677 his
1636 3614 2063 3680 divisionibus
2132 3616 2202 3680 in
2260 3639 2389 3681 una
2451 3621 2628 3681 recte
2689 3615 2879 3680 factis
2938 3613 3007 3678 in
3066 3612 3395 3696 diapason

1460 3725 2040 3806 correspondentes
2087 3730 2162 3790 ut
2204 3730 2387 3809 puta:
2436 3726 2492 3789 si
2546 3748 2740 3791 unam
2786 3724 3093 3790 chordam
3140 3721 3392 3785 addere

1460 3831 1580 3894 sub
1637 3830 2338 3915 proslambanomenon
2404 3833 2825 3915 voluerimus,
2883 3830 3103 3898 taliter
3162 3828 3397 3912 dispo-

1459 3960 1714 4023 nemUS‚
1766 3941 1937 4024 quod
1982 3941 2049 4005 in
2098 3964 2257 4007 sono
2306 3942 2616 4026 diapason
2664 3941 3042 4025 aequisonet
3084 3936 3397 4001 lichanos

1459 4068 1684 4112 meson
1733 4055 1799 4114 et
1846 4050 1967 4114 erit
2018 4056 2076 4115 Γ
2073 4057 2175 4133 ut,
2229 4055 2294 4115 et
2339 4051 2393 4115 si
2442 4050 2635 4114 aliam
2682 4050 2802 4114 sub
2848 4049 2992 4131 ista,
3042 4069 3189 4111 cum
3237 4067 3400 4130 par-

1458 4154 1697 4240 hypate
1754 4180 1981 4224 meson
2042 4159 2497 4244 aequisonabit
2550 4160 2618 4222 in
2677 4158 3015 4241 diapason,
3069 4156 3398 4238 ,diapente

1459 4285 1604 4329 cum
1675 4268 2038 4351 parhypate
2114 4268 2429 4352 hypaton,
2505 4268 2907 4332 diatessaron
2966 4285 3110 4328 cum
3169 4263 3399 4346 prima

1457 4374 1801 4439 coniuncta
1816 4380 1857 4440 6.
1934 4376 2112 4441 Haec
2146 4377 2387 4443 chorda
2420 4377 2559 4459 erit,
2610 4396 2801 4460 quam
2833 4373 3054 4439 dicunt
3083 4371 3398 4436 moderni

1633 4553 1650 4588 1
1687 4551 1880 4606 tertia.
2380 4553 2403 4588 ·-'
2438 4551 2482 4602 I).
2898 4549 2922 4586 3
2958 4550 3182 4615 quarta.

1629 4639 1654 4674 ⁴
1691 4639 1945 4692 secunda
1982 4629 2013 4701 h
2054 4638 2353 4706 quadrata.
2668 4638 2691 4674 5
2724 4636 2768 4688 b.

1629 4723 1654 4760 ⁰
1690 4723 1823 4778 Scil.
1862 4725 2051 4796 prima
2090 4722 2120 4786 b
2157 4724 2348 4779 mollis
2389 4723 2712 4778 coniuncta.
