3592 5509
1805 405 2237 469 ...60-

642 591 645 596 ’
754 584 1053 668 Namque
1100 582 1447 666 probatum
1495 586 1592 644 est
1626 580 1830 666 ‚istam
1874 599 2126 644 musam
2171 579 2522 661 silentium,
2573 574 2766 644 aliam
2808 599 2962 644 vero
3007 579 3306 643 ultimam

758 713 983 756 vocem
1031 690 1329 754 altiorem
1373 693 1615 753 tenere.
1708 687 1846 752 Nos
1893 708 2045 751 vero
2091 707 2432 752 caveamus
2480 687 2562 752 ab
2609 686 2995 770 antiquitate
3043 692 3306 752 auctore

763 798 1007 882 aliquid
1051 801 1501 862 transvertere.
1575 796 1718 860 Erit
1746 796 1948 882 igitur
1976 797 2152 879 prior
2181 816 2306 861 vox
2335 793 3040 879 proslambanomenoS,
3074 795 3308 859 ultima

759 927 915 971 vero
959 911 1109 970 nete
1155 905 1617 990 hyperboleon,
1665 905 1735 968 in
1780 924 2052 988 quorum
2111 905 2398 968 omnium
2457 903 2820 986 exemplum
2875 903 3308 986 subscriptam

766 1015 1155 1079 subiecimus
1200 1013 1489 1100 figuram.

933 1122 1033 1186 Ex
1075 1121 1197 1186 hac
1240 1121 1443 1206 igitur
1484 1120 1729 1206 figurae
1778 1119 2200 1204 dispositione
2239 1124 2438 1203 patet,
2489 1141 2686 1204 quare
2729 1120 2903 1202 tropi
2949 1118 3104 1183 dicti
3149 1118 3301 1194 sint,

759 1231 909 1314 quia
968 1251 1133 1293 unus
1194 1229 1442 1294 scilicet
1500 1251 1578 1293 ex
1633 1228 1761 1292 alio
1818 1232 2209 1311 procreatur.
2315 1227 2609 1311 Namque
2666 1228 2940 1292 istorum
2997 1227 3088 1291 sic
3147 1227 3308 1292 ordo

757 1336 1073 1422 procedit,
1123 1340 1213 1418 ut,
1264 1339 1317 1402 si
1364 1335 1506 1420 quis
1552 1336 1828 1420 primam
1875 1335 2156 1419 speciem
2203 1336 2514 1419 diapason
2572 1359 2609 1400 a
2652 1335 3308 1420 proslambanomeno

756 1446 825 1509 in
869 1467 1091 1509 mesen
1137 1466 1282 1509 cum
1326 1443 1446 1523 his,
1497 1465 1655 1527 quas
1692 1448 2016 1508 extremae
2047 1465 2239 1508 voces
2269 1443 2515 1508 medias
2547 1443 2871 1522 claudunt,
2919 1445 2988 1508 in
3035 1463 3309 1508 acumen

759 1553 1056 1616 intendat
1100 1557 1255 1616 tono
1308 1551 1675 1636 hypateque
1728 1551 2018 1636 hypaton
2081 1553 2308 1617 eodem
2362 1557 2520 1617 tono
2578 1556 2872 1617 attenuet
2929 1557 3307 1634 ceterasque

762 1682 985 1725 omnes
1048 1665 1204 1724 tono
1265 1659 1465 1724 faciat
1533 1661 1872 1744 acutiores,
1943 1660 2191 1725 acutior
2255 1665 2431 1726 totus
2501 1661 2656 1726 ordo
2713 1661 3052 1744 proveniet
3110 1682 3308 1744 quam

759 1767 901 1848 fuit,
950 1769 1324 1852 priusquam
1381 1768 1520 1832 toni
1575 1769 1932 1852 susciperet
1983 1769 2434 1833 intensionem.
2524 1769 2669 1834 Erit
2723 1769 2925 1854 igitur
2967 1772 3107 1833 tota
3152 1789 3311 1832 con-

762 1877 1017 1940 stitutio
1088 1876 1335 1940 acutior
1404 1875 1633 1940 effecta
1697 1875 2182 1962 hypophrygius
2249 1878 2516 1952 moduS,.
2569 1881 2633 1941 et
2697 1876 2765 1939 in
2833 1875 2978 1938 aliis
3046 1875 3310 1960 quidem

767 1984 998 2047 similis
1047 1989 1145 2048 est
1197 1984 1268 2048 in
1330 2005 1599 2048 acumen
1652 1983 2214 2068 intensionemque
2267 2005 2623 2068 processus.
2716 1983 2865 2047 Non
2921 2004 3075 2068 ergo
3132 1981 3310 2065 tropi

764 2091 919 2156 dicti
977 2096 1142 2171 sunt,
1205 2093 1375 2176 quod
1440 2093 1509 2156 in
1562 2093 1869 2177 gravibus
1935 2092 2320 2175 incipientes
2377 2093 2447 2155 in
2503 2096 2722 2157 acutas
2779 2113 2848 2156 se
2904 2089 3312 2155 transferunt

761 2221 953 2264 voces
987 2204 1053 2263 et
1084 2201 1165 2264 ad
1195 2199 1389 2264 finem
1419 2203 1822 2264 recurrentes
1853 2201 1923 2264 in
1953 2200 2258 2286 gravibus
2287 2199 2536 2278 finiunt,
2571 2203 2644 2264 ut
2673 2197 2920 2283 placuit
2952 2198 2994 2263 J
3005 2196 3309 2262 ohanni

762 2312 983 2372 sancto
1002 2312 1039 2370 ¹.
1132 2307 1355 2391 Aliqui
1402 2307 1572 2372 enim
1619 2311 1785 2388 sunt,
1858 2308 1966 2392 qui
2011 2330 2142 2373 non
2183 2307 2254 2372 in
2298 2307 2604 2394 gravibus
2672 2308 2786 2371 sed
2828 2307 2899 2371 in
2946 2305 3152 2372 acutis
3195 2304 3310 2367 in-

762 2413 1025 2497 cipiunt,
1052 2419 1126 2479 ut
1146 2416 1341 2499 paulo
1365 2420 1514 2499 post
1538 2415 1864 2480 dicemus²
1896 2416 1972 2479 de
1997 2437 2385 2500 unoquoque
2419 2414 2794 2500 singulatim
2808 2417 3306 2498 pertractantes,

934 2524 1222 2587 Primum
1283 2528 1503 2588 tamen
1550 2523 1866 2608 quaedam
1925 2523 2221 2588 omnibus
2277 2522 2623 2609 generalia,
2684 2544 2801 2606 per
2857 2543 3020 2605 quae
3077 2524 3310 2586 cantus

763 2631 971 2713 possit
1016 2630 1337 2716 cognosci,
1385 2631 1753 2716 incognitus
1800 2631 1854 2694 si
1901 2631 2002 2710 sit,
2052 2631 2306 2717 corrigi,
2358 2630 2653 2695 siminus
2698 2631 2864 2694 bene
2911 2627 3311 2712 compositus

766 2742 977 2802 exstat
1031 2743 1097 2802 et
1157 2740 1235 2803 de
1288 2760 1458 2804 novo
1528 2739 1725 2804 alium
1778 2743 1954 2804 recte
2022 2760 2407 2822 componere
2464 2738 2626 2803 scire
2691 2737 3031 2821 possimne,
3102 2737 3312 2800 disse-

762 2867 997 2909 ramus,
1046 2857 1191 2924 (pag.
1227 2862 1292 2912 47
1324 2861 1497 2924 figura
1530 2864 1581 2922 7,
1620 2875 1742 2926 pag.
1776 2864 2000 2914 48-50
2030 2859 2250 2920 vacant)

939 3173 957 3209 ²
992 3169 1098 3226 Die
1120 3169 1504 3242 Verbindung
1537 3173 1724 3228 dieses
1762 3172 2012 3228 Namens
2050 3173 2160 3228 mit
2195 3173 2342 3242 tropi
2373 3171 2502 3228 lasst
2535 3175 2853 3240 vermuten,
2895 3155 3007 3226 dass
3043 3170 3080 3224 J
3089 3170 3307 3226 ohan-

763 3273 881 3311 nes
919 3257 1381 3313 Damas-‚oenus
1421 3259 1679 3328 gemeint
1714 3258 1810 3313 ist.

936 3343 960 3380 2
997 3343 1236 3398 dicetur.
