3592 5509
1362 349 1962 456 ’-1()7-’

330 573 584 652 vestigia
639 574 784 632 haec
841 569 1161 630 maluerint
1220 571 1444 630 imitari
1498 590 1680 647 quam
1732 571 1948 643 aliena,
2011 588 2120 629 cur
2176 587 2296 626 non
2353 567 2650 626 erubescis
2706 566 2865 626 hunc

332 677 599 737 ordinem
643 678 983 754 pervertere
1037 678 1099 734 et
1158 675 1267 734 tuo
1322 675 1655 752 supercilio·
1704 675 1969 734 censorio
2028 673 2346 748 depravare
2363 667 2396 729 *Ρ
2459 671 2552 730 Τ11
2607 670 2868 730 sanctior

328 781 529 842 forsan
574 779 1020 858 elegantiorque
1064 777 1159 838 his
1204 778 1495 838 columnis
1540 778 1821 838 ecclesiae
1865 780 1973 836 aut
2014 771 2310 852 peritior?
2331 830 2336 835 .
2359 774 2498 834 Gur·
2515 793 2635 833 non
2663 773 2866 852 potius

329 885 441 944 hos
482 887 697 960 patrea,
746 883 796 942 si
840 901 959 941 non
1002 882 1093 942 vis
1142 880 1430 942 Gnidonis
1474 881 1808 941 doctrinam
1852 879 2188 961 complecti,
2235 873 2537 938 imitaris?
2585 878 2679 938 Tu
2725 897 2866 938 con·-

326 991 553 1060 tumax,
598 991 671 1047 tu
714 1004 997 1064 arrogans
1043 989 1104 1045 et
1146 985 1611 1062 praevaricator,
1668 988 1740 1044 ut
1792 984 1966 1043 facile
2019 983 2091 1042 ab
2147 982 2419 1042 omnibus
2463 985 2660 1058 potest
2705 1001 2866 1042 com-

326 1091 631 1168 prehendi.
708 1089 886 1150 Haud
916 1093 1023 1149 tua
1066 1091 1303 1149 tantum
1344 1089 1682 1166 ignorantia
1725 1090 1816 1148 est
1859 1086 2201 1147 insectanda
2244 1104 2422 1162 quam
2467 1086 2727 1162 pravitas
2771 1087 2864 1145 in-

328 1194 594 1254 dicanda.
683 1193 835 1253 Nam
893 1193 980 1270 pii
1013 1192 1311 1254 .monachi
1364 1191 1657 1268 doctrina,
1733 1211 1886 1268 quae
1930 1210 2039 1267 per
2080 1191 2426 1250 universum
2469 1207 2686 1264 sparsa,
2733 1191 2866 1248 tum

328 1301 392 1358 et
434 1298 712 1358 ecclesiae
757 1297 1201 1374 approbatione,
1234 1299 1367 1356 tum
1396 1299 1458 1356 et
1485 1296 1832 1355 notularum
1861 1295 2200 1354 inventione
2245 1292 2503 1352 mirabili
2547 1293 2609 1350 in
2629 1327 2634 1332 ·
2653 1311 2865 1352 aevum

328 1405 438 1461 tuo
493 1420 612 1460 non
672 1401 942 1462 obstante
998 1400 1187 1460 livore
1246 1404 1335 1462 est
1390 1399 1696 1459 duratura.
1786 1401 1977 1458 Tanta
2028 1402 2119 1458 est
2173 1397 2424 1457 dulcedo
2470 1395 2653 1472 illius,
2701 1397 2866 1454 tanta

334 1506 426 1564 est
468 1505 753 1581 facilitaS,
809 1507 976 1564 tanta
1020 1507 1083 1564 et
1124 1503 1481 1581 iocunditaS,
1543 1505 1615 1564 ut
1657 1503 1968 1563 hominum
2011 1501 2310 1562 mentibus
2355 1520 2386 1559 a
2431 1502 2646 1559 natura
2688 1499 2868 1558 insita

325 1608 619 1668 videatur.
711 1606 868 1678 Quid
912 1627 1054 1686 ergo
1100 1607 1173 1666 de
1216 1611 1277 1666 te
1323 1602 1721 1672 concludam?
1772 1607 2016 1669 Possem
2061 1606 2111 1664 si
2154 1605 2396 1681 quidem
2428 1608 2490 1664 et
2517 1604 2708 1664 multa
2752 1603 2868 1662 alia

330 1711 621 1771 adducere
681 1715 742 1772 et
797 1711 1091 1789 refellere,
1142 1729 1295 1787 quae
1337 1712 1471 1770 loco
1518 1714 1580 1770 et
1622 1714 1892 1786 tempore
1938 1729 2008 1769 ex
2050 1711 2314 1769 tractatu
2356 1711 2558 1768 nostro
2604 1705 2866 1771 denuda-

329 1815 575 1874 buntur.
670 1813 732 1874 Si
774 1834 869 1874 me
914 1835 1053 1876 sana
1094 1818 1291 1875 mente
1334 1815 1647 1891 percipieS,
1683 1832 1925 1890 operam
1969 1812 2151 1889 dabis,
2183 1814 2270 1888 ut,
2306 1831 2457 1888 quae
2503 1831 2582 1871 exr
2613 1814 2720 1871 tua
2764 1810 2866 1870 de-

332 1919 677 1994 pravatione
722 1922 863 1978 sunt
907 1919 1084 1993 edita,
1133 1919 1397 1994 exempla
1429 1918 1625 1978 omnia
1655 1918 1753 1978 vel
1784 1917 2210 1976 comburantur
2237 1915 2353 1991 vel,
2387 1914 2439 1974 si
2469 1915 2602 1991 quis
2629 1917 2866 1974 tantum

332 2022 599 2082 laborem
642 2023 799 2082 ferre
841 2022 1048 2099 possit,
1097 2022 1499 2098 emendentur,
1543 2040 1615 2080 ne
1645 2024 1952 2081 tantorum
1982 2024 2224 2096 patrum
2253 2017 2597 2078 huiusmodi
2625 2018 2866 2096 vigiliae

333 2145 441 2185 sua
502 2125 793 2205 dignitate
844 2145 953 2203 per
977 2175 981 2184 .
1003 2129 1179 2186 tuum
1232 2145 1495 2186 errorem
1548 2125 1928 2185 defraudatae
1995 2125 2056 2182 in
2112 2127 2383 2200 posteros
2435 2125 2861 2200 propagentur.

328 2221 561 2290 Dabitis
612 2231 817 2306 itaque
875 2230 1131 2307 veniam,
1196 2229 1607 2301 amantissimi,
1663 2229 1713 2288 si
1756 2228 2071 2289 insolentia
2124 2227 2303 2286 huius
2355 2227 2497 2286 boni
2539 2226 2728 2302 patris
2770 2245 2864 2284 me

329 2353 364 2392 a
406 2333 577 2398 vobis
634 2332 971 2412 abduxerit,
1030 2337 1128 2411 ut,
1188 2352 1327 2393 cum
1379 2333 1453 2392 ad
1505 2352 1611 2393 vos
1650 2333 2028 2409 scripserim,
2087 2331 2150 2390 in
2192 2331 2352 2390 hunc
2395 2333 2629 2393 tantum
2676 2349 2865 2388 unum

330 2436 691 2513 digressione
749 2437 1002 2514 quadam
1069 2455 1301 2497 omnem
1365 2438 1553 2497 ferme
1624 2436 1980 2496 contulerim
2040 2435 2383 2494 orationem.
2474 2434 2546 2494 In
2605 2453 2752 2510 qua,
2813 2433 2865 2491 si

330 2560 755 2617 nonnunquam
815 2541 889 2600 ad
945 2543 1317 2601 stomachum
1366 2542 1587 2600 fuerim
1638 2541 2026 2617 provocatus,
2088 2540 2276 2598 testor
2319 2539 2608 2598 virtutem
2653 2538 2861 2613 ipsam,

327 2663 423 2703 me
466 2644 530 2703 id
572 2643 732 2704 haud
776 2648 1006 2723 sponte,
1053 2645 1155 2705 sed
1195 2645 1523 2706 necessario
1570 2645 1773 2722 egisse.

502 2765 624 2824 cap.
658 2749 740 2807 13
770 2747 888 2824 (fol.
922 2751 999 2808 15
1026 2747 1122 2826 v.).
1213 2749 1416 2810 Movet
1458 2768 1551 2809 me
1596 2768 1772 2824 nunc,
1823 2747 2226 2822 amantissimi,
2277 2748 2338 2804 et
2381 2745 2454 2803 ad
2497 2744 2681 2804 bilem
2723 2764 2866 2820 pro-

334 2855 514 2911 vocat
555 2852 722 2912 illius
765 2851 1020 2929 Hispani
1062 2853 1309 2912 fatuitas
1364 2856 1425 2912 et
1474 2852 1818 2929 insolentia,
1853 2851 1974 2928 ,(1111
2017 2851 2162 2910 totis
2205 2849 2431 2926 ingenii
2474 2849 2702 2908 viribus
2747 2849 2866 2908 cla-

327 2956 619 3015 rissimam
661 2956 841 3019 huius
884 2955 1341 3032 praeclarissimi
1382 2956 1499 3016 viri
1516 2957 1863 3031 ,doctrinam
1901 2952 2025 3033 [sol.
2059 2953 2525 3014 solmisationem
2555 2948 2866 3032 Gnidonis]

330 3062 577 3120 conatus
633 3062 724 3120 est
780 3060 1132 3120 adumbrare
1151 3061 1187 3119 ¹.
1282 3059 1465 3120 Sileat
1516 3061 1706 3138 igitur
1761 3063 1823 3119 et
1890 3059 2288 3134 obmutescat,
2359 3076 2496 3114 nam
2558 3056 2864 3115 helleboro

327 3163 559 3241 dignus.

504 3285 627 3342 cap.
661 3267 736 3326 14
766 3265 887 3344 (fol.
920 3269 994 3326 17
1021 3263 1117 3348 v.).
1206 3265 1411 3328 Haec²
1452 3267 1644 3345 igitur
1674 3267 1834 3326 dicta
1863 3266 1982 3326 sint
2021 3268 2269 3343 propter
2297 3265 2579 3328 insensati
2607 3264 2866 3326 hominis

328 3370 744 3448 arrogantiam,
801 3371 907 3448 qui
952 3390 1133 3431 ausus
1176 3372 1238 3430 in
1284 3371 1631 3448 compendio
1679 3350 2040 3430 confusionis
2085 3388 2224 3428 suae
2268 3388 2655 3445 prorumpere
2701 3367 2863 3444 quod

338 3473 610 3533 doctrina
654 3473 1020 3553 Gregorii,
1069 3474 1437 3534 Ambrosii
1482 3477 1544 3533 et
1586 3474 1990 3551 Augustini
2031 3475 2211 3549 atque
2259 3472 2620 3537 Guidonis
2666 3476 2727 3531 et
2771 3490 2865 3530 se-

333 3578 615 3653 quacium
672 3579 1054 3654 reputabitur
1110 3581 1418 3654 tamquam
1478 3579 1574 3636 lex
1632 3578 1992 3655 scripturae,
2050 3595 2204 3652 quae
2247 3595 2365 3636 non
2411 3576 2685 3636 omnibus
2730 3576 2867 3635 data

331 3682 469 3758 fuit,
518 3700 625 3740 sua
682 3700 824 3741 vero
886 3681 1176 3742 catholica
1229 3681 1351 3740 sive
1394 3681 1745 3740 universalis
1790 3681 2237 3756 nuncupabitur
2281 3681 2437 3738 sicut
2477 3681 2576 3739 lex
2619 3680 2864 3758 gratiae,

330 3804 503 3860 quae.
526 3786 723 3862 legem
766 3786 1098 3862 scripturae
1141 3785 1207 3844 in
1249 3803 1309 3844 se
1356 3785 1636 3861 continet,
1684 3786 1990 3860 tamquam
2021 3802 2254 3843 omnem
2287 3783 2642 3860 cognitionis
2672 3783 2868 3858 pleni-

329 3888 603 3948 tudinem
640 3888 917 3948 habuerit
930 3888 971 3947 3.
1064 3887 1377 3965 Gondoleo,
1426 3891 1627 3965 patres
1672 3907 1740 3947 ac
1784 3888 1997 3947 fratres
2039 3886 2372 3963 venerandi,
2420 3885 2492 3944 de
2534 3887 2715 3946 huius
2760 3887 2869 3946 ho-

327 3992 662 4052 muncionis
702 3992 1079 4054 insulsissimi
1125 3992 1517 4053 ostentatione
1574 3995 1636 4050 et
1696 3990 2034 4069 arrogantia
2095 3990 2332 4050 omnino
2378 3989 2709 4066 deridenda,
2761 3991 2867 4066 qui

330 4096 523 4155 veluti
566 4097 797 4156 stercus
840 4097 902 4154 in
946 4097 1268 4173 Hispaniae
1306 4095 1521 4155 finibus
1566 4094 1716 4154 velit
1758 4096 1852 4154 his
1882 4093 2267 4154 sanctissimis
2296 4093 2567 4170 patribus
2596 4093 2868 4153 doctrina

504 4325 524 4361 1
559 4320 689 4391 Vgl.
728 4320 781 4374 S.
810 4322 891 4388 11,
931 4321 1013 4390 19,
1048 4321 1133 4389 31,
1170 4321 1240 4374 40
1276 4338 1327 4374 11.
1364 4321 1445 4374 99.

501 4409 525 4446 2
559 4406 636 4461 Er
666 4407 770 4462 hat
801 4407 1008 4462 vorher
1032 4406 1277 4476 gezeigt,
1316 4405 1427 4460 dass
1464 4424 1573 4460 nur
1607 4406 1912 4461 innerhalb
1950 4423 2064 4462 von
2099 4406 2132 4459 6
2158 4405 2354 4460 Tenen
2393 4404 2487 4459 die
2513 4404 2637 4458 drei
2662 4403 2865 4470 Quart·

329 4497 653 4565 gattungen
688 4511 814 4547 zum
839 4493 1143 4547 Ausdruck
1177 4492 1444 4547 kommen
1482 4493 1600 4546 und
1640 4492 1751 4546 dass
1790 4510 1894 4547 aus
1932 4493 2149 4548 diesem
2186 4491 2416 4546 Grunde
2454 4491 2563 4544 wie
2597 4492 2700 4546 der
2731 4491 2865 4547 Per·

330 4579 556 4635 fektion
595 4580 695 4635 der
732 4578 1039 4634 Sechszahl
1078 4596 1277 4650 wegen
1316 4577 1531 4634 Guido
1569 4577 1677 4632 mit
1711 4578 1900 4634 Recht
1935 4579 1968 4632 6
2006 4579 2204 4634 Silben
2241 4578 2463 4648 gesetzt
2497 4577 2678 4642 hatte.

499 4669 523 4706 3
560 4666 729 4721 Siehe
769 4665 823 4720 S.
849 4666 932 4720 19.
2697 4667 2702 4670 ·
