3592 5509
1893 436 1989 460 -.,·
2070 413 2325 475 14.-

1012 585 1273 650 Dictum
1305 586 1544 671 quippe
1593 589 1692 650 est
1722 607 1917 670 supra
1964 589 2029 651 et
2060 586 2571 653 demonstratum
2600 584 3083 650 tetrachordum
3122 608 3375 670 synem-

838 714 1074 758 menon
1121 715 1261 759 esse
1308 690 1738 776 coniunctum,
1790 694 2302 779 diezeugmenon
2346 698 2565 759 autem
2597 693 3004 759 disiunctum.
3098 693 3373 772 Quidam

836 823 989 866 vero
1035 782 1163 865 ista
1207 802 1589 883 nescientes,
1651 806 1726 865 ut
1783 800 1983 888 longa
2039 823 2184 866 cum
2239 801 2604 867 Tristano
2660 803 2746 866 de
2806 801 3027 867 Silva
3082 802 3373 886 Hispano

835 908 1344 974 familiarissimo
1388 913 1611 975 nostro
1671 914 1736 973 et
1789 910 2088 974 acerrimi
2140 909 2389 996 ingenii
2434 909 2573 975 viro
2621 909 3056 994 disputatione
3110 910 3377 976 investi-

839 1017 1156 1103 gavimus,
1205 1038 1351 1081 cum
1398 1018 1479 1081 ad
1508 1038 1733 1081 mesen
1763 1017 2167 1101 perveniunt,
2216 1016 2725 1104 diezeugmenon
2755 1022 3020 1101 ponunt,
3068 1022 3219 1102 post
3254 1016 3376 1082 hoc

837 1146 1319 1209 synemmenon,
1386 1124 1616 1190 deinde
1674 1124 2137 1209 hyperboleon.
2241 1124 2329 1189 Et
2386 1124 2479 1189 sic
2538 1126 2780 1190 distare
2838 1126 3087 1190 faciunt
3142 1130 3375 1191 neten¹

834 1230 1279 1317 hyperboleon
1327 1255 1364 1296 a
1407 1232 2059 1316 proslambanomeno
2104 1254 2221 1316 per
2263 1237 2397 1297 tres
2429 1231 2703 1298 chordas
2732 1232 2903 1298 ultra
2939 1233 3371 1318 bisdiapason,

838 1342 1008 1425 quod
1067 1362 1207 1405 esse
1262 1345 1487 1406 contr-a
1548 1339 1891 1407 veritatem
1954 1344 2020 1404 et
2077 1340 2293 1405 Boetii
2358 1340 2717 1405 doctrinam
2774 1340 3196 1406 manifestum
3259 1346 3373 1406 est.

835 1450 984 1533 Ipse
1053 1472 1331 1533 namque
1393 1449 1721 1513 Boetius
1785 1448 2267 1513 accuratissime
2347 1449 2522 1513 istud
2589 1449 2876 1514 declarat
2930 1449 3141 1533 primo
3208 1448 3373 1514 libro

837 1557 1133 1641 capitu10,
1183 1558 1356 1642 quod
1397 1556 1664 1640 incipit:
1727 1556 1857 1621 Sed
1902 1556 2208 1643 quoniam
2262 1578 2484 1621 rursus
2536 1579 2713 1621 mese
2730 1560 2771 1621 2.
2864 1557 3057 1622 Ponit
3109 1557 3375 1641 insuper

839 1666 1170 1730 evidenter
1201 1666 1600 1730 declaratum
1642 1664 1928 1729 numeris
1976 1667 2041 1728 et
2068 1668 2443 1729 mensurata
2486 1663 2692 1750 figura
2738 1670 2966 1749 quarto
2998 1664 3168 1730 libro
3199 1666 3374 1749 capi-

834 1774 992 1856 tulo,
1042 1773 1214 1858 quod
1257 1772 1511 1856 incipit:
1561 1772 1709 1837 Duo
1757 1772 2015 1856 quidem
2045 1771 2477 1855 tetrachorda,
2530 1795 2692 1857 quae
2740 1772 3002 1838 sibimet
3034 1773 3373 1839 coniuncta

837 1886 1003 1958 sunt,
1074 1904 1111 1945 a
1153 1903 1332 1945 mese
1387 1902 1540 1945 vero
1588 1880 1990 1945 disiuncta..
2021 1932 2034 1944 .
2058 1884 2083 1925 3
2170 1879 2303 1945 Sed
2360 1881 2438 1945 de
2502 1879 2605 1945 his
2662 1881 2731 1945 in
2774 1880 3081 1945 theoricis
3135 1882 3371 1946 nostris

833 2011 1043 2072 neque
1088 1988 1194 2055 hic
1239 1988 1484 2072 aliquid
1531 1988 1933 2075 allegassem,
1992 1988 2119 2052 nisi
2166 1989 2337 2072 quod
2390 1976 2741 2053 multorum
2798 1989 2969 2053 circa
3024 1988 3150 2055 hoc
3196 2011 3372 2054 error

836 2098 1199 2161 ostenditur
1231 2102 1296 2161 et
1324 2098 1597 2162 istorum
1625 2097 1933 2181 ipsorum,
1984 2117 2255 2180 quorum
2287 2096 2478 2161 multi
2512 2096 2702 2162 facile
2736 2098 3071 2163 credentes
3096 2119 3371 2181 sequun-

834 2210 942 2269 tur
987 2205 1410 2289 disciplinam.
1481 2203 1957 2269 Marchetus4
2002 2225 2154 2269 vero
2200 2226 2331 2270 non
2380 2205 2490 2287 sic,
2548 2206 2662 2269 sed
2707 2229 2746 2269 a
2790 2226 2965 2271 mese
3010 2206 3197 2289 ponit
3242 2206 3370 2269 dis-

833 2314 1138 2391 iunctum,
1187 2317 1336 2396 post
1368 2313 1539 2397 quod
1567 2312 2029 2396 hyperboleon,
2079 2312 2311 2377 deinde
2354 2335 2819 2396 synemmenon
2865 2317 2930 2378 et
2975 2314 3067 2377 sic
3100 2311 3367 2377 chordas

836 2423 1058 2487 decem
1105 2425 1169 2486 et
1215 2425 1362 2485 octo
1410 2420 1711 2500 collocat3
1763 2420 1995 2504 quibus
2040 2443 2169 2484 una
2213 2420 2489 2485 inferius
2536 2421 2785 2486 scilicet
2828 2442 3088 2507 gamma
3136 2425 3201 2485 et
3249 2420 3371 2485 alia

834 2531 1128 2613 superius
1175 2528 1423 2593 scilicet
1466 2550 1498 2591 e
1529 2528 1945 2611 superaddita
1991 2528 2071 2592 ad
2102 2527 2659 2613 viginti⁰chordas
2689 2550 2994 2593 numerus
3044 2529 3370 2593 excrescit.

837 2638 967 2703 Sed
1013 2639 1070 2701 si
1116 2638 1258 2721 quis
1313 2659 1470 2701 sano
1517 2637 1711 2701 modo
1755 2635 1916 2699 velit
1959 2636 2171 2719 ipsum
2215 2636 2614 2723 intelligere,
2667 2641 2890 2720 posset
2943 2627 3184 2701 iudicio
3228 2657 3371 2701 meo

759 2820 764 2827 ‚
836 2745 1064 2827 dicere,
1132 2746 1303 2829 quod
1364 2744 1696 2809 subtracto
1760 2763 2224 2828 synemmenon
2268 2744 2681 2810 tetrachordo
2724 2744 2840 2810 illo
2886 2745 3078 2810 modo
3125 2744 3371 2828 reliqua

835 2853 1286 2936 disponuntur3
1346 2852 1575 2917 deinde
1629 2856 1779 2935 post
1824 2856 2059 2915 neten5
2112 2851 2576 2935 hyperboleon,
2636 2852 2940 2936 quoniam
2998 2852 3229 2916 similis
3278 2855 3371 2915 est

837 2983 1030 3042 mese,
1079 2962 1343 3044 ponitur
1380 2960 1863 3024 tetrachordum
1896 2981 2358 3043 synemmenon
2406 2982 2481 3025 eo
2526 2961 2738 3039 mod0,
2788 2981 2914 3043 quo
2960 2963 3110 3043 post
3153 2981 3373 3023 mesen

835 3069 1015 3154 sequi
1048 3068 1331 3133 deberet.
1424 3067 1509 3132 Et
1537 3090 1619 3131 ne
1650 3066 1999 3150 impediret
2030 3068 2556 3153 diezeugmenon,
2600 3067 2694 3131 ita
2726 3067 3059 3151 disposuit.
3152 3066 3369 3131 Multis

839 3177 1034 3241 etiam
1066 3176 1210 3240 aliis
1242 3176 1450 3240 modis
1479 3179 1702 3259 posset
1733 3174 1996 3253 salvari3
2050 3196 2170 3260 ego
2205 3176 2503 3259 equidem
2549 3175 2735 3239 illum
2767 3175 3015 3240 salvum
3055 3197 3198 3240 esse
3244 3196 3370 3239 non

836 3285 1078 3367 dubit0,
1129 3283 1432 3369 quoniam
1466 3282 1778 3347 Christus·
1806 3283 1875 3346 in
1919 3304 2107 3347 cruce
2136 3305 2254 3366 pro
2301 3282 2403 3347 his
2438 3284 2663 3366 oravit,
2714 3284 2825 3367 qui
2854 3282 3168 3363 nesciunt,
3220 3282 3370 3367 quid

835 3392 1099 3458 faciunt.
1195 3390 1472 3469 Quidam
1516 3390 1718 3455 frater
1769 3390 1813 3455 -J
1824 3389 2162 3455 ohannes
2212 3390 2835 3455 Carthusiensis⁶
2889 3390 3115 3456 Gallus
3162 3390 3369 3455 salvat

840 3520 984 3565 eum
1031 3501 1249 3565 dicens
1299 3503 1363 3563 et
1391 3498 1721 3563 indoctum
1769 3503 1835 3563 et
1877 3498 2087 3562 ferula
2115 3498 2536 3584 indigentem.
2603 3499 2746 3585 Ego
2779 3503 2995 3563 autem
3024 3498 3371 3563 Marche-

836 3613 989 3672 tum
1036 3607 1206 3671 hunc
1251 3606 1419 3671 tanti
1479 3607 1807 3689 existimo,
1866 3610 1940 3670 ut
1984 3605 2349 3671 Marchetos
2411 3611 2685 3691 quatuor
2732 3610 2872 3689 (pag.
2909 3610 2991 3689 13)
3039 3606 3370 3691 Rogerio

1011 3914 1025 3949 1

1011 3998 1033 4035 2
1063 3912 1215 4049 ἓξὲξ..
1247 3996 1390 4050 Mus.
1428 3996 1470 4063 1,
1496 3995 1566 4048 20
1603 3996 1706 4059 (ed.
1744 3994 2127 4061 Friedlein,
2166 3995 2219 4049 S.
2245 3996 2363 4062 211,
2391 3998 2490 4060 21).

1007 4084 1030 4121 3
1065 4084 1202 4137 Inst.
1243 4083 1388 4135 Mus.
1425 4082 1519 4149 IV,
1545 4082 1578 4135 9
1617 4083 1720 4148 (ed.
1758 4082 2141 4149 Friedlein,
2183 4081 2235 4135 S.
2262 4082 2381 4149 327,
2414 4083 2509 4147 13).

1013 4171 1036 4207 ⁴
1072 4168 1216 4222 Eine
1255 4168 1546 4244 derartige
1573 4167 2199 4237 Tetrachord-Teilung
2232 4168 2313 4221 ist
2349 4185 2461 4224 von
2501 4167 2731 4222 March
2746 4170 2895 4221 etus
2934 4166 3099 4220 nicht
3136 4166 3241 4221 auf
3270 4183 3372 4220 uns

834 4256 1192 4325 gekommen.
1263 4254 1647 4321 Ducidarizcm,
1685 4257 1853 4307 tract.
1891 4254 2020 4307 XIV
2059 4254 2402 4323 (Gerbert‚
2443 4254 2763 4323 Scriptores
2798 4254 2894 4320 III,
2933 4253 3048 4319 120)
3099 4252 3267 4323 giebt
3317 4268 3373 4305 er

835 4341 965 4396 eine
1002 4340 1247 4410 Teilung
1295 4342 1395 4395 des
1433 4341 1803 4409 Tonsystems
1849 4340 1910 4394 in
1953 4359 2169 4410 yraves,
2221 4347 2413 4396 acutae
2460 4341 2578 4394 und
2622 4346 2977 4409 superacutae
3023 4339 3132 4393 mit
3176 4338 3371 4393 hinzu-

834 4436 1134 4505 geffigtem
1182 4421 1208 4506 Ξ
1244 4436 1364 4489 und
1398 4435 1479 4489 im
1514 4434 1828 4504 folgenden
1854 4436 2128 4491 Traktate
2155 4436 2247 4491 die
2275 4435 2582 4506 gewohnte
2615 4434 2972 4504 griechische
2999 4433 3373 4490 Tetrachord-

833 4530 1097 4599 Teilung.
1171 4530 1283 4585 Des
1322 4530 1506 4585 Tones
1545 4526 1598 4591 Γ,
1620 4530 1764 4585 wird
1800 4531 2007 4587 vorher
2041 4530 2411 4599 Erwahnung
2447 4530 2681 4600 gethan.

1003 4620 1026 4657 5
1201 4658 1212 4671 ο

1005 4706 1030 4743 6
1060 4619 1195 4773 11ιῖῗί
1235 4703 1758 4773 Coussemaker,
1799 4704 2121 4775 Scriptores
2158 4704 2252 4772 IV,
2290 4703 2445 4759 324a
2482 4705 2602 4759 und
2637 4702 2809 4757 34910.
