3592 5509
1545 1227 2114 1326 Tractatus
2183 1217 2604 1321 tertius,

1061 1469 1187 1559 In·
1219 1509 1369 1578 quo
1434 1486 1527 1554 de
1586 1481 1783 1553 tonis
1845 1479 2000 1549 sive
2061 1479 2298 1549 modis
2359 1487 2486 1549 aut
2547 1475 2782 1569 tropis
2848 1473 3076 1567 plena

1728 1635 2054 1729 cognitio
2091 1633 2416 1726 ponitur.

811 1824 1277 1964 REDEAMU
1282 1824 1327 1889 S
1370 1822 1572 1908 igitur
1626 1820 1707 1884 ad
1761 1819 1972 1904 ipsam
2013 1817 2296 1880 musicae
2353 1816 2662 1899 speciem,
2722 1835 2888 1898 quae
2945 1817 3154 1876 totam
3203 1811 3352 1874 har-

960 1933 1217 2000 moniae
1260 1933 1393 1996 vim
1438 1930 1671 1994 dicitur
1715 1927 2064 1991 continere.
2156 1923 2318 1988 Cum
2361 1923 2562 2008 igitur
2605 1944 2686 1986 ex
2729 1925 2882 1986 octo
2925 1919 3198 1984 vocibus
3240 1917 3352 1980 fiat

820 2047 1071 2127 septem
1127 2037 1611 2105 continentibus
1667 2032 2036 2114 intervalla,
2095 2031 2374 2115 quinque
2435 2050 2586 2094 vero
2647 2034 2842 2092 tonos
2896 2049 3046 2091 cum
3103 2026 3352 2091 duobus

822 2149 1205 2230 semitoniis,
1251 2146 1537 2230 septenis
1581 2143 1695 2207 fiet
1736 2141 1966 2216 modis,
2030 2139 2348 2223 quoniam,
2406 2137 2462 2201 si
2509 2159 2588 2201 ex
2632 2137 2938 2220 diapente
2999 2140 3066 2199 et
3119 2135 3355 2198 diates-

698 2306 707 2310 -
820 2280 1014 2324 saron
1060 2261 1235 2321 recte
1282 2253 1617 2319 conficitur
1662 2255 1729 2314 et
1772 2250 2074 2330 diapente
2121 2250 2408 2328 quatuor,
2467 2244 2872 2308 diatessaron
2931 2265 3090 2307 vero
3148 2242 3354 2306 tribus

824 2367 1033 2431 modis
1062 2365 1154 2444 fit,
1204 2361 1591 2444 relinquitur
1634 2359 1846 2440 ipsam
1877 2356 2185 2436 diapason
2227 2358 2474 2436 septem
2517 2353 2726 2416 modis
2773 2374 2916 2416 esse
2959 2351 3353 2415 variandam.

820 2475 915 2539 Ut
973 2473 1176 2558 igitur
1240 2493 1277 2532 a
1348 2465 2000 2552 proslambanomeno
2063 2459 2406 2536 ordiamur,
2466 2481 2669 2544 usque
2729 2481 2910 2524 mese
2973 2461 3100 2522 erit
3151 2457 3356 2542 prima

825 2581 1105 2664 species,
1173 2598 1339 2660 quae
1401 2573 1711 2637 dividitur
1778 2571 1850 2632 in
1908 2569 2306 2632 diatessaron
2376 2572 2441 2631 et
2503 2568 2806 2650 diapente
2867 2589 2988 2651 per
3053 2565 3358 2630 lichanon

826 2688 1115 2772 hypaton
1186 2683 1579 2748 dividentem
1642 2676 1948 2742 chordam
2011 2696 2129 2758 per
2181 2675 2479 2738 medium.
2585 2674 2876 2738 Habebit
2935 2674 3142 2760 igitur
3203 2673 3358 2736 haec

830 2794 1081 2878 species
1127 2791 1437 2873 diapason
1480 2786 1757 2870 primam
1812 2785 2210 2847 diatessaron
2252 2804 2290 2845 α
2315 2785 2360 2845 d
2402 2804 2546 2846 cum
2599 2783 2810 2866 prima
2864 2783 3174 2866 diapente
3233 2783 3278 2844 d
3303 2782 3356 2860 h,

832 2901 1139 2985 quoniam
1206 2894 1619 2960 semitonium
1686 2891 2018 2975 utriusque
2081 2889 2152 2953 in
2220 2892 2496 2956 secundo
2571 2890 2928 2956 collocatur
2997 2889 3359 2955 intervalla

832 3006 1131 3072 Secunda
1192 3002 1441 3086 species
1507 3001 1816 3082 diapason
1882 2999 2005 3062 erit
2071 2998 2152 3061 ab
2214 2995 2450 3080 hypate
2510 2997 2800 3082 hypaton
2865 2999 2936 3062 in
3003 3018 3360 3078 paramese,

835 3136 999 3199 quae
1048 3110 1357 3176 dividitur
1406 3130 1523 3193 per
1567 3106 1870 3171 chordam
1917 3105 2275 3189 aequaliter
2316 3106 2528 3170 medio
2575 3107 2846 3171 divisam
2907 3129 3029 3191 per
3081 3106 3365 3190 hypaten

835 3243 1085 3286 meson.
1159 3216 1446 3282 Habebit
1477 3237 1631 3300 ergo
1668 3214 2012 3278 secundam
2041 3213 2438 3277 diatessaron
2473 3214 2721 3280 scilicet
2763 3216 2802 3278 b
2830 3238 2864 3279 e
2909 3219 2976 3280 et
3019 3215 3366 3279 secundam

838 3330 1141 3413 diapente
1210 3324 1457 3388 scilicet
1521 3345 1552 3386 e
1586 3331 1645 3404 a,
1717 3322 2018 3406 quoniam
2083 3322 2490 3386 semitonium
2560 3327 2700 3404 (pag.
2735 3328 2834 3404 40)
2895 3323 3240 3406 utriusque
3303 3321 3366 3384 in

836 3436 1047 3521 primo
1116 3431 1469 3496 collocatur
1530 3428 1902 3510 intervall0‚
1969 3428 2091 3491 hoc
2161 3432 2258 3491 est
2321 3431 2389 3493 in
2454 3429 2765 3496 inferiori.
2877 3430 3106 3494 Tertia
3169 3430 3368 3514 igitur

761 3635 767 3640 -
841 3541 1089 3625 species
1134 3539 1335 3602 totius
1379 3542 1725 3601 concentus
1768 3535 1882 3599 fiet
1927 3559 1964 3598 a
2008 3533 2360 3618 parhypate
2406 3536 2694 3620 hypaton
2747 3539 2818 3602 in
2861 3538 3019 3603 trite
3068 3537 3368 3620 diezeug-

840 3669 1097 3726 menon,
1148 3667 1311 3729 quae
1343 3643 1649 3707 dividitur
1676 3647 1748 3706 ut
1782 3643 1946 3706 aliae
1986 3643 2054 3705 in
2092 3641 2488 3725 parhypaten
2519 3667 2760 3710 meson.
2838 3645 3132 3710 Habebit
3170 3645 3369 3731 igitur

841 3754 1105 3820 tertiam
1163 3751 1443 3834 speciem
1504 3751 1901 3813 diatessaron
1962 3752 2026 3811 et
2085 3749 2342 3812 tertiam
2407 3751 2763 3833 diapente,‘
2805 3755 3118 3837 quoniam
3185 3752 3368 3816 semi-

844 3860 1097 3926 tonium
1159 3859 1555 3922 diatessaron
1612 3856 1681 3920 in
1742 3855 1936 3919 tertio
1998 3854 2347 3920 collocatur
2403 3857 2744 3923 intervallo
2815 3864 2882 3924 et
2940 3861 3251 3945 diapente
3307 3860 3370 3922 in

847 3971 1075 4052 quarto
1094 3971 1133 4028 ¹.
1225 3963 1533 4042 Quartam
1576 3985 1728 4028 vero
1784 3963 2062 4046 speciem
2118 3963 2424 4046 diapason
2476 3965 2636 4030 facis
2684 3990 2722 4031 a
2763 3967 3027 4032 lichano
3082 3968 3370 4052 hypaton

845 4075 917 4138 in
961 4077 1314 4155 paraneten
1342 4073 1846 4156 diezeugmenon
1892 4070 2230 4134 dividendo
2261 4094 2376 4154 per
2419 4071 2722 4139 lichanon
2757 4098 3006 4141 meson.
3087 4074 3372 4141 Habebit

848 4181 1053 4266 igitur
1107 4182 1333 4263 quarta
1388 4179 1633 4262 species
1690 4178 1999 4260 diapason
2061 4178 2332 4260 primam
2394 4181 2824 4264 diatessaron,
2893 4186 3012 4248 sed
3080 4190 3372 4268 quartam

859 4288 1177 4369 diapente,
1226 4286 1525 4371 quoniam
1580 4285 1990 4350 semitonium
2039 4284 2109 4348 in
2153 4288 2344 4351 tertio
2391 4288 2743 4354 collocatur
2784 4291 3138 4357 intervallo
3203 4297 3270 4356 et
3311 4291 3374 4354 in

854 4394 981 4459 hoc
1026 4417 1065 4456 a
1108 4394 1313 4476 prima
1372 4394 1584 4477 specie
1638 4392 1797 4457 satis
1853 4393 2261 4477 cognoscitur
2317 4395 2588 4460 differre.
2681 4398 2920 4463 Verum
2968 4401 3027 4464 si
3073 4400 3374 4485 diapente

1087 4640 1261 4691 arato.
