3592 5509
1942 458 2027 466 .-
2116 418 2156 482 2
2245 457 2329 465 „-

864 596 1104 660 servire
1165 594 1552 674 studuimUS,
1613 615 1756 656 eam
1814 591 2125 657 orationis
2183 592 2565 675 temperiem
2620 591 2881 676 stilique
2936 585 3471 656 moderantiam

866 703 1282 785 servavimus,
1329 704 1402 765 ut
1444 701 1514 764 in
1557 699 1660 764 his
1703 699 2000 786 legendis
2044 699 2387 784 peritiores
2428 699 2682 765 abunde
2722 700 3019 782 recreari,
3069 695 3469 764 semidocti

861 811 1211 896 plurimum
1249 808 1577 894 proficere,
1629 809 1893 873 omnino
1924 807 2170 874 indocti
2198 807 2619 873 blandissime
2654 811 2894 892 queant
2924 807 3195 871 erudiri.
3300 801 3466 866 Non

861 918 1286 1004 philosophos
1332 920 1590 982 tantum
1646 920 1757 981 aut
1800 915 2297 981 mathematicos
2350 915 2785 981 instituendos
2837 915 2944 980 hic
2999 912 3461 998 suscipimus;

864 1027 1142 1112 quilibet
1178 1027 1372 1092 modo
1411 1025 1620 1110 prima
1650 1024 2112 1111 grammaticae
2144 1024 2511 1088 rudimenta
2542 1024 2628 1088 sit
2660 1024 2941 1105 edoctuS,
2984 1027 3226 1088 nostra.
3272 1018 3459 1082 haec

861 1134 1206 1222 intelliget.
1298 1133 1420 1198 Hic
1464 1155 1608 1197 mus
1657 1137 1723 1197 et
1769 1131 2033 1216 elephas
2077 1129 2323 1216 pariter
2365 1135 2620 1211 natare,
2676 1131 3003 1196 Daedalus
3064 1134 3129 1196 et
3196 1129 3456 1194 Icarus

861 1241 1107 1327 pariter
1151 1241 1370 1307 volare
1414 1246 1702 1327 possunt.

1037 1351 1384 1414 Praeterea
1425 1348 1762 1434 prudentis
1812 1352 1877 1418 et
1920 1349 2105 1434 grati'
2138 1347 2399 1414 lectoris
2433 1341 2715 1413 officium
2764 1349 2888 1412 erit
2930 1347 3193 1412 veniam
3251 1346 3449 1426 dare,

865 1459 920 1521 si
965 1461 1188 1522 nostro
1234 1457 1358 1522 hoc
1401 1456 1470 1521 in
1511 1478 1704 1540 opere
1762 1477 1895 1520 non
1942 1476 2106 1540 eum,
2156 1455 2265 1540 qui
2311 1456 2481 1539 apud
2514 1455 2892 1520 Ciceronem
2940 1459 3005 1520 et
3050 1453 3449 1519 Salustium

867 1570 988 1649 est,
1059 1565 1372 1630 orationis
1436 1563 1679 1629 fastum
1746 1563 2061 1646 inveniet,
2140 1563 2196 1626 si
2254 1564 2667 1648 paucioribus
2720 1562 3004 1646 phaleris
3052 1561 3359 1642 mi-{pag.
3392 1571 3444 1632 2)

863 1673 1132 1758 norique
1181 1673 1358 1738 cultu
1417 1694 1628 1737 sermo
1673 1675 1897 1765 noster
1939 1670 2200 1736 incedit.
2276 1671 2538 1737 Liceat1
2596 1672 2767 1736 enim
2794 1670 2973 1736 mihi
3028 1671 3107 1735 de
3162 1667 3445 1734 musica

867 1783 1097 1865 dicere,
1125 1782 1321 1866 *quod
1350 1781 1636 1848 Marcum
1683 1779 1995 1843 Manlium
2043 1779 2121 1844 de
2170 1779 2565 1846 astronomia
2610 1778 2847 1843 dixisse
2892 1779 3204 1864 legimus:
3292 1786 3299 1792 ’

1419 1919 1664 1984 ornari
1703 1939 1805 1982 res
1849 1919 1994 2002 ipsa
2036 1923 2249 2001 myat,
2297 1923 2591 1982 contemta
2635 1918 2857 1982 doceri.

1025 2047 1276 2124 ‚Verum
1325 2048 1406 2111 ad
1442 2047 1609 2112 hanc
1644 2047 1975 2133 egregiam
2006 2046 2457 2130 philosophiae
2487 2051 2758 2132 partem,
2794 2047 3106 2111 musicam
3138 2044 3437 2124 scilicet,

868 2156 922 2220 si
977 2157 1119 2241 quis
1175 2156 1312 2220 eius
1356 2155 1514 2234 vim,
1577 2160 1901 2238 naturam,
1962 2155 2507 2238 pulchritudinem
2566 2153 3201 2240 generositatemque
3270 2173 3441 2216 con-

866 2266 1122 2346 sideret,
1170 2283 1303 2328 non
1351 2263 1906 2330 exhortationibus
1951 2262 2113 2327 meis
2161 2266 2473 2335 attractus
2520 2264 2635 2327 sed
2679 2263 2849 2327 ultro
2900 2267 2965 2328 et
2994 2265 3229 2345 sponte
3269 2282 3439 2325 con-

866 2372 1114 2438 volabit
1170 2376 1600 2457 sequeturque
1663 2371 1906 2456 Orphei
1964 2371 2253 2453 Thracii,
2316 2371 2699 2456 Amphionis
2759 2370 3081 2453 Thebani,
3147 2369 3435 2433 Arionis

866 2480 1090 2561 Lesbi,
1128 2479 1448 2563 Mercurii,
1496 2478 1661 2563 Lini,
1711 2479 2097 2564 SalomoniS,
2140 2478 2569 2565 Pythagorae,
2603 2477 2993 2562 Aristoxeni,
3027 2476 3430 2558 Ptolemaei,

869 2587 1176 2671 Chorebi,
1247 2587 1589 2671 LycaoniS,
1661 2587 2069 2671 Prophrasti,
2138 2587 2467 2652 Timothei
2530 2591 3019 2671 ceterorumque
3084 2585 3434 2650 adoranda

865 2695 1162 2782 vestigia,
1214 2696 1323 2780 qui
1365 2695 1490 2760 hac
1537 2695 1876 2780 disciplina
1920 2694 2072 2760 freti
2115 2693 2483 2760 immortale
2527 2717 2767 2760 nomen
2815 2694 3033 2779 adepti
3078 2698 3247 2758 sunt.

1031 2797 1126 2868 'Hi
1172 2802 1382 2886 fuere,
1441 2826 1599 2888 quos
1653 2803 2042 2868 venerabilis
2099 2803 2449 2888 antiquitas
2509 2804 2669 2868 adeo
2716 2803 2967 2867 mirata
2996 2806 3119 2884 est,
3176 2805 3251 2864 ut
3312 2821 3430 2864 eos

867 2912 1100 2976 dixerit
1145 2911 1448 2975 carminis
1495 2910 1833 2976 dulcedine
1879 2913 2157 2977 movisse
2189 2911 2379 2994 feras,
2431 2893 2624 2976 corda
2652 2911 2989 2976 hominum
3018 2909 3423 2993 possedisse,

867 3020 1111 3084 animas
1167 3020 1237 3083 in
1305 3040 1576 3102 corpora
1640 3041 2004 3103 revocasse,
2074 3042 2299 3084 manes
2354 3021 2436 3084 ad
2502 3019 3012 3084 misericordiam
3078 3017 3423 3081 inflexisse

870 3132 936 3192 et
993 3128 1182 3191 duras
1241 3125 1514 3191 traxisse
1575 3150 1608 3191 e
1665 3128 1995 3193 montibus
2052 3149 2277 3199 ornos,
2372 3125 2720 3204 Quaelibet
2763 3126 3061 3191 fabulosa
3108 3129 3172 3190 et
3215 3124 3427 3188 fidem

873 3235 1249 3300 excedentia
1316 3219 1681 3327 videantur,
1755 3234 2149 3300 mirabilium
2208 3240 2428 3300 tamen
2491 3221 2757 3320 operum
2820 3234 3207 3298 effectricem
3270 3254 3425 3296 esse

865 3343 1178 3408 musicam
1223 3366 1355 3409 non
1401 3343 1665 3409 dubium
1714 3347 1827 3408 est.
1925 3343 2195 3408 Constat
2228 3343 2492 3408 Saulem
2524 3343 2934 3432 Solymorum
2972 3355 3212 3426 regem,
3263 3363 3424 3404 cum

869 3475 906 3516 a
949 3451 1121 3516 malo
1170 3437 1510 3516 daemonio
1555 3457 1923 3535 vexaretur,
1987 3451 2280 3516 adhibita
2326 3451 2611 3516 citharae
2658 3450 3097 3516 modulatione
3145 3448 3424 3513 solitum

869 3559 1096 3643 curari,
1145 3559 1358 3623 David
1390 3561 1470 3624 ad
1500 3560 1982 3624 vaticinandum
2011 3560 2305 3645 psalterii
2336 3563 2530 3624 cantu
2576 3561 2759 3644 quasi
2804 3558 3081 3642 quodam
3112 3555 3424 3622 vehiculo

869 3672 1153 3732 mentem
1201 3666 1494 3731 elevante
1540 3690 1726 3731 usum
1771 3667 1998 3750 fuisse,
2056 3667 2371 3750 Eliseum,
2429 3669 2651 3752 magni
2695 3666 2877 3730 Eliae
2934 3665 3423 3730 carmelitarum

867 3775 1072 3859 patris
1121 3774 1532 3858 discipulum,
1583 3798 1726 3840 cum
1771 3775 2159 3858 prophetare
2206 3775 2432 3858 vellet,
2488 3775 2745 3858 psalten
2790 3775 3155 3839 advocasse.
3246 3772 3419 3849 Quis

867 3875 1076 3946 nescit
1127 3882 1458 3967 plorantes
1517 3882 1905 3953 infantulos
1939 3884 2260 3947 nutricum
2325 3883 2665 3948 cantilenis
2727 3882 2973 3966 placari
3037 3885 3102 3946 et
3158 3880 3419 3945 accensi

873 3991 1206 4076 'sanguinis
1276 3991 1570 4054 ardorem
1627 3991 1912 4054 numeris
1974 3991 2288 4078 extingui,
2363 3997 2561 4074 eq'uos
2630 3991 2711 4056 ad
2776 3990 3005 4054 tubae
3042 3987 3417 4074 clangorem

871 4083 1110 4163 micare
1160 4099 1439 4180 auribus,
1489 4103 1782 4163 tremere
1816 4099 2161 4181 artubus&
2183 4097 2475 4163 hinnitus
2523 4098 2739 4178 edere,
2798 4097 3043 4182 largius
3102 4095 3409 4177 exultare,
3482 4147 3484 4172 ,

869 4212 1046 4292 stare
1091 4206 1238 4282 loco
1283 4206 1552 4289 nescire,
1599 4228 1885 4291 pugnam
1929 4206 2330 4290 Martemque
2378 4207 2648 4278 sitires),
2698 4205 3139 4270 Priscianus
3184 4206 3411 4267 auctor

870 4301 968 4396 est
1009 4313 1478 4398 'apuquiculos
1525 4313 1773 4378 fontem
1823 4335 1980 4396 esse,
2034 4313 2141 4398 qui
2182 4314 2261 4378 ad
2282 4299 2469 4398 ⁴lyrae
2514 4315 2796 4379 sonitum
2827 4313 3063 4378 saltare
3094 4312 3403 4377 videatur.
3482 4373 3484 4388 ,

765 4457 770 4464 ·
866 4420 1084 4498 Habet
1127 4421 1338 4517 igitur,
1369 4421 1595 4506 pro‘eul
1641 4422 1838 4516 dubio
1884 4423 2232 4487 maximam
2276 4425 2524 4488 musica
2570 4423 2898 4510 energiam
2959 4428 3025 4488 et
3076 4421 3398 4506 ingentem
3482 4411 3484 4448 ⁵

948 4625 958 4628 “
1015 4625 1268 4684 ’·1·11091;.’

908 4766 916 4773 ,
953 4710 988 4771 ’.ᾗ
1028 4717 1284 4786 -2„artus.
1403 4764 1410 4768 .
