3592 5509
1382 437 1814 500 -99-

326 629 559 691 passus
604 608 1113 675 monochordum
1158 609 1347 674 docet
1390 608 1675 674 dividere
1720 631 1926 692 suum,
1975 610 2148 694 quod
2183 609 2582 676 laboriosum
2629 615 2696 676 et
2721 615 2866 678 tae-

328 716 585 782 diosum
645 711 787 781 esse
817 697 1236 782 'intuentibus
1276 716 1524 802 liquido
1566 721 1752 801 patet
1792 716 1920 783 hoc
1969 717 2138 802 ideo,
2199 718 2368 803 quia,
2427 723 2503 784 ut
2563 718 2859 803 diximus,

324 829 521 890 tonus
582 823 653 888 in
715 826 1167 910 sesquioctava
1232 824 1529 890 consistit
1583 825 2023 909 proportione.
2120 826 2470 892 Difficilius
2529 828 2704 892 enim
2763 833 2865 894 est

327 932 600 998 alicuius
620 931 864 1018 integri
888 937 1183 998 octavam
1206 953 1399 1016 quam
1428 931 1848 998 medietatem
1870 937 1983 997 aut
2011 934 2274 999 tertiam
2303 955 2557 1000 sumere
2585 940 2858 1020 partem.

326 1039 415 1104 Et
459 1061 578 1124 per
618 1045 913 1105 nostram
958 1040 1343 1106 divisionem
1388 1039 1557 1106 sicut
1612 1045 1678 1105 et
1728 1062 1848 1124 per
1891 1063 2074 1106 suam
2117 1045 2310 1106 tonus
2367 1041 2718 1108 efficaciter
2759 1064 2864 1108 re-

323 1147 575 1231 peritur
618 1152 693 1213 ut
734 1149 781 1212 d
820 1171 853 1212 e
896 1170 1089 1233 quam
1136 1147 1219 1211 18
1265 1152 1333 1214 et
1379 1147 1461 1211 16
1504 1147 1758 1213 numeri
1801 1147 2080 1233 implent
2125 1153 2238 1214 aut
2280 1151 2304 1214 l
2345 1171 2434 1232 m,
2496 1171 2661 1235 quae
2707 1150 2750 1214 9
2796 1155 2864 1216 et

325 1253 367 1317 8
410 1277 831 1321 numerorum
877 1256 1125 1321 ambitu
1169 1255 1613 1322 conscribitur.
2670 1346 2675 1351 ⁸

500 1363 631 1429 Sed
676 1364 756 1428 de
799 1363 903 1428 his
943 1362 1275 1428 hactenus.
1365 1363 1555 1429 Nunc
1594 1368 1811 1428 autem
1845 1386 2008 1450 quae
2053 1365 2402 1430 semitonia
2438 1365 2864 1432 monochordi

322 1471 615 1536 canenda
660 1472 807 1555 sint,
866 1493 1031 1556 quae
1076 1492 1233 1536 vero
1277 1471 1579 1537 evitanda
1620 1473 1980 1554 videantur,
2037 1473 2340 1557 quoniam
2383 1495 2586 1539 unum
2627 1474 2857 1558 maius,

323 1579 502 1643 aliud
544 1580 759 1644 minus
802 1579 1143 1664 reperitur,
1176 1569 1626 1645 discutiamus.
2329 1563 2336 1570 .

1099 1947 1588 2031 capitulum
1648 1951 2078 2032 quartum.

718 2136 811 2207 In
864 2159 1013 2229 quo
1070 2135 1463 2207 semitonia
1516 2137 1852 2207 canenda
1903 2145 2033 2208 aut
2087 2138 2468 2236 evitanda„

414 2302 758 2370 UONIAM
789 2303 1030 2368 dictum
1076 2305 1175 2366 est
1218 2305 1483 2366 tonum¹
1528 2301 1598 2366 in
1629 2302 1755 2367 duo
1787 2323 1994 2386 aequa
2022 2324 2153 2368 non
2183 2302 2382 2368 dividi
2413 2305 2760 2370 semitonia
2792 2313 2858 2374 et

457 2411 677 2477 omnia
730 2415 1033 2476 tonorum
1094 2407 1306 2493 spatia
1362 2408 1773 2474 instrumenti
1838 2409 2110 2494 perfecti
2176 2411 2247 2474 in
2316 2410 2445 2476 duo
2509 2411 2857 2480 semitonia

316 2517 819 2586 monstravimus
866 2539 1007 2583 esse
1053 2516 1276 2596 divisa,
1310 2516 1651 2582 dicendum
1693 2521 1920 2600 restat,
1966 2517 2138 2602 quod
2181 2517 2444 2584 illorum
2487 2519 2575 2584 sit
2618 2541 2856 2587 canen-

317 2630 471 2693 dum
518 2632 584 2692 et
628 2627 801 2712 quod
855 2626 1245 2708 evitandum,
1300 2623 1393 2690 sic
1441 2628 1507 2689 et
1551 2625 1630 2690 de
1676 2625 1823 2690 aliis
1867 2626 2226 2710 speciebus,
2283 2648 2446 2711 quae
2499 2648 2618 2712 per
2661 2630 2856 2694 semi-

314 2736 498 2802 tonia
564 2735 961 2800 variantur*.
1067 2733 1155 2798 Et
1217 2732 1313 2798 ita
1377 2731 1569 2798 huius
1634 2733 1830 2816 primi
1896 2733 2241 2799 voluminis
2309 2735 2856 2819 complementum

310 2842 617 2929 practicis
661 2841 1104 2927 principaliter
1149 2841 1529 2925 deputatum
1573 2841 1866 2906 ordinate
1911 2841 2334 2925 perficiemus.

486 2951 567 3015 In
612 2953 749 3015 arte
792 2948 995 3035 igitur
1036 2948 1246 3033 prima
1294 2947 1696 3032 imperfecta,
1749 2949 1821 3012 in
1871 2949 2082 3033 prima
2133 2948 2381 3016 scilicet
2432 2949 2855 3016 monochordi

312 3058 629 3125 divisione
682 3081 883 3122 unum
933 3061 1187 3122 tantum
1242 3060 1342 3120 est
1393 3055 1834 3140 semitonium,
1895 3057 2068 3141 quod
2122 3056 2350 3121 evitari
2410 3058 2634 3142 debet,
2689 3056 2855 3130 illud

311 3166 563 3232 scilicet
621 3167 791 3250 quod
849 3170 1149 3249 apotome
1210 3187 1249 3228 a
1306 3163 1629 3230 Platone
1698 3164 1940 3229 dictum
2002 3163 2202 3229 fuisse
2267 3168 2574 3230 constat·
2637 3164 2854 3252 Igitur

312 3281 611 3341 cantores
654 3278 767 3339 aut
808 3272 1386 3337 instrumentorum
1429 3271 1790 3355 pulsatores
1821 3293 2173 3355 numquam
2216 3271 2464 3336 faciant
2505 3271 2851 3337 transitum

311 3408 352 3450 a
394 3405 553 3449 voce
599 3382 735 3447 sive
781 3380 1020 3446 chorda
1062 3367 1097 3441 l?
1130 3378 1201 3442 in
1245 3368 1279 3460 ἡ
1313 3400 1433 3444 nec
1480 3401 1513 3444 e
1559 3383 1804 3464 contra,
1860 3378 2166 3463 quoniam
2217 3378 2382 3443 illud
2435 3378 2852 3472 semitonium

306 3493 378 3556 in
424 3489 809 3576 symphonia
850 3510 984 3553 non
1026 3485 1305 3571 ponitur,
1354 3507 1499 3550 cum
1543 3509 1751 3570 neque
1795 3486 1866 3551 in
1898 3486 2299 3552 diatessaron
2342 3508 2554 3570 neque
2597 3487 2670 3552 in
2714 3487 2852 3552 dia-

306 3603 507 3684 pente
552 3618 762 3682 neque
804 3595 875 3660 in
920 3595 1231 3679 diapason
1276 3577 1389 3660 aut
1428 3594 1499 3658 in
1544 3593 1689 3658 aliis
1732 3584 2142 3678 imperfectis
2177 3593 2516 3678 speciebus
2563 3598 2676 3659 aut
2721 3594 2852 3660 dis-

309 3706 728 3773 cordantibus
773 3703 966 3769 simul
1022 3707 1087 3768 et
1140 3701 1676 3768 concordantibus
1730 3702 2089 3768 successive
2144 3702 2487 3768 convenire
2545 3725 2852 3786 umquam

306 3815 519 3880 visum
551 3813 667 3878 sit.
743 3812 824 3876 In
868 3809 1305 3876 monochordo
1338 3831 1490 3875 vero
1535 3809 1826 3894 perfecto
1860 3811 2064 3874 multa
2106 3810 2254 3875 loca
2297 3815 2466 3893 sunt,
2513 3810 2585 3875 in
2616 3810 2850 3894 quibus

303 3921 619 3988 transitus
661 3920 733 3984 in
777 3924 971 3984 cantu
1027 3918 1363 3983 evitandus
1421 3921 1534 3983 est.
1627 3919 1755 3983 Per
1812 3919 2073 3983 modum
2128 3917 2330 4003 igitur
2385 3917 2717 3983 doctrinae
2773 3940 2851 3981 ea

304 4029 611 4116 practicis
658 4026 1150 4112 assignabimus.
1240 4024 1577 4090 Theoricis
1621 4046 1774 4090 vero
1819 4025 1890 4088 in
1935 4025 2231 4109 sequenti
2275 4023 2604 4090 volumine
2647 4023 2850 4090 ratio-

302 4138 501 4203 nibus
544 4134 928 4200 firmissimis
974 4133 1314 4198 veritatem
1361 4132 1960 4198 demonstrabimus,

483 4245 587 4310 Ad
629 4247 1065 4308 mensuratam
1119 4241 1319 4327 igitur
1362 4241 1655 4326 figuram,
1720 4262 1884 4324 quae
1925 4235 2004 4303 'in
2057 4239 2266 4323 prima
2320 4244 2506 4323 parte
2565 4243 2850 4305 tractatu

305 4353 593 4419 secundo
647 4350 929 4436 capitulo
985 4349 1209 4433 quinto
1261 4348 1477 4432 posita
1531 4351 1670 4430 (pag.
1707 4352 1793 4430 81)
1841 4346 1991 4429 fuit,
2049 4347 2405 4412 redeamus.
2498 4348 2618 4412 Est
2676 4347 2848 4412 enim

485 4554 505 4590 1

482 4553 813 4690 *tglibzilis
867 4633 1112 4689 matoria
1166 4636 1226 4688 ot
1276 4632 1456 4703 digna
1506 4633 1741 4704 ingenio
1793 4632 2050 4701 liberali,
2111 4633 2374 4687 nostris
2437 4631 2845 4688 cantoribus

304 4724 576 4791 odiosa,
616 4722 719 4778 sed
753 4721 987 4776 musicis
1027 4719 1357 4790 gratissima
1394 4722 1453 4774 et
1487 4719 1649 4774 utilis
1688 4721 1865 4787 atque
1900 4717 2244 4774 necessaria.

2363 4822 2429 4874 7*
