3592 5509
1828 437 1905 448 -
1999 400 2082 464 32
2170 439 2256 449 ....

1515 651 2000 738 Capitulum
2060 651 2561 722 secundum.

1027 847 1117 918 In
1174 873 1321 942 quo
1378 848 1593 943 signa
1646 872 1783 942 per
1838 873 2030 942 quae
2085 848 2379 919 numeri
2403 847 2424 886 ¹
2484 848 3063 943 distinguuntur.

771 1018 934 1152 AD
981 1039 1199 1081 veram
1242 1016 1445 1102 igitur
1487 1016 1762 1080 istorum
1807 1036 2220 1080 numerorum
2267 1014 2706 1100 cognitionem
2749 1016 3064 1099 quaedam
3103 1017 3306 1100 signa,

921 1147 1083 1210 quae
1154 1125 1235 1189 ab
1312 1123 1592 1208 antiquis
1671 1145 1749 1186 ex
1823 1123 2234 1208 geometricis
2309 1122 2532 1208 figuris
2609 1123 2871 1187 fuerunt
2945 1122 3306 1201 adinventa,

773 1234 1191 1300 declaremus,
1297 1233 1549 1296 Deinde
1628 1231 1772 1310 alia,
1852 1253 2014 1315 quae
2088 1231 2400 1295 neoterici
2475 1235 2748 1314 ponunt,
2827 1231 3306 1316 subiungemus.

775 1341 1270 1426 Quadrangulus
1302 1361 1448 1404 cum
1479 1341 1687 1404 tribus
1718 1339 2034 1403 tractibus
2063 1336 2188 1404 hoc
2232 1340 2426 1404 modo
2475 1337 2605 1428 ΕΤ]
2647 1360 2764 1422 pro
2794 1340 2987 1404 modo
3020 1339 3308 1422 perfecto

770 1450 1135 1535 ponebatur
1175 1453 1245 1514 et
1289 1471 1435 1512 cum
1482 1449 1730 1512 duobus
1778 1446 1869 1511 sic
1917 1444 2031 1535 [fl]
2077 1469 2194 1530 pro
2225 1447 2626 1531 imperfecto,
2704 1447 2835 1512 Sed
2871 1469 2988 1531 pro
3018 1450 3309 1531 tempore

774 1581 919 1625 cum
962 1556 1323 1641 prolatione
1370 1555 1675 1639 perfectis
1733 1556 2098 1638 ponebatur
2154 1555 2428 1619 circulus
2485 1577 2630 1620 cum
2683 1555 2891 1620 tribus
2942 1555 3198 1639 punctis
3240 1556 3311 1618 in

770 1665 985 1731 medio
1030 1666 1124 1729 sic
1166 1670 1239 1740 Θ
1284 1669 1349 1728 et
1392 1686 1509 1747 pro
1554 1663 1954 1746 imperfectis
2001 1663 2438 1743 semicirculus
2471 1685 2618 1728 cum
2651 1664 2898 1728 duobus
2942 1664 3198 1747 punctis
3243 1663 3312 1727 in

771 1774 985 1838 medio
1032 1772 1126 1836 sic
1170 1776 1220 1848 (ξ
1243 1823 1256 1835 .
1352 1771 1537 1847 Quod
1585 1772 1640 1834 si
1674 1770 2112 1834 semicirculus
2157 1793 2301 1834 cum
2332 1771 2540 1835 tribus
2588 1773 2678 1835 sic
2723 1785 2774 1855 (ξ
2809 1822 2820 1850 ,
2869 1776 3122 1854 tempus
3173 1775 3313 1835 erat

772 1881 1223 1966 imperfectum
1294 1883 1358 1943 et
1422 1879 1703 1962 prolatio
1761 1878 2068 1961 perfecta.
2195 1877 2325 1942 Sed
2391 1879 2445 1942 si
2516 1878 2789 1943 circulus
2850 1901 2995 1943 cum
3061 1880 3310 1944 duobus

772 1991 1037 2073 ponitur
1081 1989 1173 2052 sic
1228 1995 1322 2066 (D,
1371 1991 1625 2069 tempus
1670 1985 2030 2069 perfectum
2072 1991 2136 2050 et
2174 1986 2453 2069 prolatio
2485 1987 2865 2070 imperfecta
2910 1987 3308 2051 credebatur.

944 2112 1077 2177 Alii
1121 2134 1274 2176 vero
1319 2112 1687 2196 figurabant
1729 2112 2038 2176 Indorum
2081 2111 2304 2196 figuris
2350 2111 2474 2176 hoc
2518 2112 2711 2175 modo
2748 2095 2777 2188 ξ
2815 2095 2845 2188 Ξ
2880 2094 2911 2188 ξ
2944 2094 2996 2190 Ξ,
3044 2111 3314 2175 inferior
3365 2089 3370 2092 ¹

777 2222 1089 2285 denotans
1134 2224 1407 2304 temPUS,
1458 2220 1755 2302 superior
1797 2241 1951 2283 vero
1997 2218 2444 2301 prolationem.
2538 2219 2761 2283 Nostri
2818 2241 2970 2284 vero
3026 2224 3312 2283 contem-

773 2328 1041 2413 poranei
1084 2328 1322 2411 partim
1367 2327 1779 2412 geometricis
1819 2327 2056 2410 partim
2102 2328 2408 2392 Indorum
2439 2323 2706 2391 utuntur
2734 2306 2986 2413 figuris3
3033 2350 3310 2411 namque

772 2455 971 2501 unum
1001 2436 1178 2500 modi
1209 2458 1353 2500 cum
1384 2441 1675 2519 tempore
1705 2439 1973 2518 ponunt,
2024 2435 2198 2499 aliud
2228 2458 2380 2499 vero
2413 2437 2722 2519 temporis
2754 2458 2899 2500 cum
2929 2435 3309 2518 prolatione,
3338 2500 3344 2507 ,

774 2549 1115 2629 utrumque
1148 2565 1301 2607 vero
1344 2542 1847 2627 quadrupliciter
1875 2543 2134 2607 factum.
2199 2544 2374 2608 Modi
2407 2566 2551 2607 cum
2580 2549 2871 2627 tempore
2906 2543 2997 2607 sic
3034 2541 3153 2611 05
3191 2549 3241 2604 C
3266 2541 3312 2610 5

778 2650 897 2718 02
948 2651 1095 2730 ΕΖ,
1154 2652 1268 2714 sed
1320 2652 1631 2734 temporis
1692 2673 1837 2714 cum
1896 2651 2258 2734 prolatione
2315 2650 2438 2715 hoc
2483 2652 2675 2716 modo
2727 2658 2782 2714 Θ
2825 2657 2878 2714 <3
2923 2657 2978 2714 O
3021 2657 3098 2714 C.
3190 2651 3313 2715 Hic

775 2758 1003 2822 modus
1050 2758 1348 2844 signandi
1414 2758 1535 2822 hac
1602 2758 1853 2822 ratione
1923 2762 2288 2841 compertus
2359 2764 2474 2840 est,
2548 2758 2698 2842 quia
2764 2758 3037 2823 circulus
3110 2758 3316 2844 figura

778 2865 1067 2949 perfecta
1110 2866 1465 2949 perfectam
1516 2867 1781 2931 denotat
1827 2866 2125 2949 speciem.
2220 2866 2350 2929 Sed
2396 2889 2542 2937 cum
2589 2867 2752 2931 duae
2798 2866 3020 2931 circuli
3064 2871 3314 2931 tantum

777 2978 995 3057 partes
1040 2979 1384 3057 ponuntur,
1437 2975 1594 3038 duas
1640 2973 1818 3037 illius
1873 2974 2111 3056 speciei
2139 2979 2385 3057 partes
2447 2975 2684 3038 amissa
2737 2975 2932 3038 tertia
2987 2975 3312 3038 denotant.

778 3083 877 3147 De
932 3080 1057 3146 hoc
1113 3104 1265 3146 vero
1326 3082 1511 3167 signo
1559 3081 1606 3150 5
1665 3082 1769 3146 vel
1827 3082 1904 3145 de
1961 3083 2088 3146 isto
2134 3080 2180 3150 2
2238 3105 2367 3146 non
2429 3086 2525 3146 est
2572 3081 2990 3167 ambiguitas:
3037 3082 3315 3165 primum

779 3213 917 3256 esse
963 3190 1338 3274 perfectum,
1375 3191 1728 3254 secundum
1759 3211 1912 3254 vero
1942 3189 2410 3272 imperfectum.
2504 3190 2582 3252 In
2610 3189 2820 3272 primo
2853 3191 3096 3253 etenim
3128 3191 3314 3275 signo

783 3299 1249 3384 quadripartito
1298 3297 1573 3362 circulus
1624 3302 1736 3361 aut
1780 3297 2219 3362 semicirculus
2264 3297 2528 3360 moduni
2585 3298 2934 3361 ostendunt
2977 3298 3312 3380 minorem,

780 3405 827 3474 5
876 3411 987 3470 aut
1031 3405 1077 3474 2
1135 3407 1461 3490 tempus*.
1559 3404 1835 3470 Subtilis
1895 3405 2097 3490 igitur
2149 3405 2355 3469 lector
2408 3426 2527 3487 per
2592 3427 2683 3486 ea,
2744 3427 2906 3489 quae
2961 3405 3314 3487 posuimUS,

775 3514 909 3578 sive
954 3513 1131 3578 modi
1176 3513 1311 3577 sive
1357 3513 1670 3596 temporis
1714 3512 2181 3596 perfectionem
2225 3513 2466 3596 poterit
2509 3512 2819 3576 invenire.
2910 3513 2988 3576 In
3033 3513 3315 3577 secundo

777 3644 930 3686 vero
978 3622 1182 3705 signo,
1235 3622 1405 3705 quod
1449 3621 1518 3685 in
1567 3621 1694 3685 alio
1740 3622 2022 3702 modum,
2069 3621 2138 3685 in
2183 3619 2305 3684 hoc
2351 3625 2607 3703 tempus
2657 3620 2970 3706 designat,
3033 3620 3086 3684 si
3145 3622 3315 3685 enim

762 3733 1054 3812 punctus
1100 3730 1168 3792 in
1214 3733 1433 3793 centro
1468 3735 1614 3810 (pag.
1652 3733 1739 3810 67)
1772 3733 2067 3812 ponatur,
2115 3729 2498 3811 prolationis
2547 3729 2945 3793 demonstrat
2973 3728 3318 3811 perfectio-

744 3838 1051 3916 ,nem**;
1114 3838 1283 3922 quod
1344 3838 1399 3901 si
1458 3859 1624 3918 non,
1694 3837 2269 3920 imperfectionem.
2363 3837 2466 3900 Ita
2523 3842 2587 3901 et
2644 3837 2715 3900 in
2775 3837 3196 3919 semicirculo,
3243 3841 3318 3900 ut

775 3949 957 4028 patet
1000 3945 1071 4008 in
1114 3943 1354 4030 figuris
1450 3953 1505 4007 O
1538 3943 1584 4012 5
1615 3944 1824 4030 figura
1867 3944 2044 4008 modi
2091 3965 2235 4007 cum
2294 3949 2604 4027 tempore,
2662 3951 2716 4006 Θ
2754 3943 2960 4030 figura
3003 3944 3316 4028 temporis

777 4075 923 4117 cum
966 4051 1348 4135 prolatione.

808 4149 813 4155 ⁵
946 4160 1081 4224 Has
1127 4159 1327 4246 igitur
1360 4150 1611 4245 ⁴'figuras
1660 4159 1751 4223 sic
1800 4159 2146 4242 dispositas
2191 4157 2313 4224 hac
2367 4160 2625 4225 ratione
2679 4147 3103 4242 repperimus,
3166 4158 3317 4243 quia

776 4267 1131 4333 contrarias
1188 4289 1604 4332 numerorum
1656 4267 1990 4350 passiones
2036 4268 2207 4331 inter
2253 4288 2321 4331 se
2377 4267 2817 4332 custodientes
2871 4267 3313 4351 cognovimus,
3383 4266 3390 4277 “

951 4435 969 4470 1
1006 4449 1288 4487 numeros.

947 4519 977 4552 *
1015 4516 1136 4587 Ego
1174 4517 1417 4572 firmiter
1454 4517 1804 4572 contrarium
1842 4521 2013 4572 teneo
2053 4517 2506 4572 evidentioribus
2543 4516 2860 4586 procedens
2897 4515 3236 4571 rationibus.

947 4605 1011 4640 ¹⁸¹*
1047 4603 1158 4659 Hic
1192 4604 1582 4674 prolationem
1620 4603 1896 4659 conducit
1918 4621 2022 4674 per
2045 4606 2326 4674 punctum
2352 4603 2415 4658 in
2455 4606 2672 4670 centr0,
2711 4602 2970 4673 superius
2997 4605 3191 4657 autem
3215 4618 3322 4670 per

773 4693 1053 4761 punctum
1091 4691 1390 4746 divisionis
1428 4690 1784 4745 reducibilis.
1859 4690 2004 4760 (Vgl.
2043 4690 2096 4744 S.
2123 4690 2222 4756 78.)
