3592 5509
1799 364 2231 431 ...32—

753 531 1205 604 ascendentem
1252 540 1542 623 accipere
1587 561 1707 605 nos
1751 540 2136 624 percipiunt,
2184 544 2274 623 ut,
2332 540 2388 604 si
2434 561 2654 605 sumus
2697 540 2768 604 in
2810 563 2988 606 mese
3034 562 3181 606 cum
3231 541 3311 604 la·

755 652 821 712 et
873 639 1098 712 cantus
1151 647 1320 732 petit
1370 647 1516 713 loca
1571 647 1829 731 altiora,
1880 649 2072 713 iuxta
2122 647 2397 714 istorum
2444 648 2804 714 doctrinam
2849 650 2913 713 la
2959 648 3303 714 dimittere

753 760 819 820 et
868 777 937 820 re
990 760 1102 820 aut
1156 755 1255 820 mi
1297 756 1606 821 debemus
1666 778 1994 821 assumere
2050 761 2117 822 et
2169 761 2323 821 tunc
2381 777 2527 822 cum
2578 777 2649 820 re
2703 760 2815 822 aut
2859 779 3005 822 cum
3056 758 3157 821 mi
3210 755 3303 820 ad

751 862 984 931 altiora
1038 863 1184 928 loca
1227 863 1484 930 facilius
1536 864 1895 948 poterimus
1938 865 2298 949 pervenire.
2390 864 2497 930 Sic
2559 869 2625 930 et
2670 886 2815 930 cum
2865 865 2933 930 in
2977 869 3302 949 paranete

750 989 1213 1054 synemmenon
1258 972 1363 1036 vel
1407 973 1561 1038 trite
1595 972 2107 1058 diezeugmenon
2152 972 2466 1038 fuerimus
2514 994 2659 1038 cum
2702 978 2782 1037 ut
2824 977 2889 1038 et
2934 977 3159 1038 cantus
3211 971 3305 1036 ad

747 1078 880 1143 ima
923 1079 1298 1163 perlabitur,
1356 1085 1438 1145 ut
1488 1081 1814 1145 dimittere
1872 1085 1938 1145 et
1992 1083 2087 1146 sol
2137 1080 2243 1146 vel
2295 1082 2371 1165 fa
2414 1082 2643 1146 iubent
2702 1081 3011 1167 accipere,
3075 1086 3142 1147 et
3195 1079 3302 1145 sic

749 1208 897 1252 cum
940 1189 1017 1272 fa
1058 1187 1163 1253 vel
1205 1190 1299 1253 sol
1342 1189 1659 1255 cantando
1719 1189 2110 1254 descendere
2162 1191 2537 1273 poterimus.
2627 1188 2714 1254 Et
2768 1189 2893 1254 hoc
2941 1193 3055 1273 est,
3116 1187 3305 1274 quod

745 1294 873 1378 ipsi
941 1296 1366 1361 mutationem
1437 1295 1768 1381 appellant
1835 1295 2163 1362 dicentes:'
2228 1297 2503 1362 mutatio
2574 1302 2673 1362 est
2737 1297 2928 1362 unius
2985 1297 3161 1362 vocis
3228 1299 3303 1359 in

751 1402 945 1468 aliam
989 1403 1263 1469 variatio
1281 1409 1318 1467 ¹.
1409 1404 1543 1468 Alii
1589 1409 1807 1469 autem
1852 1405 1945 1470 sic
1992 1404 2345 1470 diffiniunt:
2393 1406 2669 1472 mutatio
2718 1409 2816 1471 est
2862 1406 3131 1470 duarum
3174 1425 3304 1469 vo-

749 1531 895 1576 cum
941 1511 1308 1596 aequalium
1351 1513 1523 1577 inter
1575 1534 1644 1578 se
1689 1535 1808 1597 per
1866 1513 2151 1578 diversas
2196 1514 2630 1597 proprietates
2686 1513 2757 1578 in
2801 1536 2929 1580 uno
2978 1513 3165 1600 signo
3231 1517 3305 1577 et

752 1641 878 1683 una
921 1641 1078 1684 voce
1125 1620 1418 1685 variati0.

919 1727 1320 1793 Permutatio
1368 1732 1584 1793 autem
1631 1728 1975 1812 dupliciter
2016 1729 2118 1793 fit:
2181 1733 2293 1793 aut
2346 1732 2580 1794 causa2
2634 1728 3043 1794 necessitatis
3099 1751 3305 1794 scan-

749 1835 948 1900 sionis
1005 1840 1117 1900 aut
1168 1835 1569 1902 remissionis
1623 1841 1737 1901 aut
1791 1859 1985 1902 causa
2036 1837 2479 1921 praeponendi
2531 1837 3044 1923 postponendive
3090 1834 3302 1901 semi-

747 1943 1017 2008 tonium.
1109 1944 1287 2008 Haec
1333 1948 1549 2008 autem
1595 1966 1852 2028 semper
1894 1945 1963 2009 in
2008 1945 2291 2028 vocibUS,
2342 1967 2506 2029 quae
2555 1944 2841 2009 eiusdem
2887 1949 3037 2009 sunt
3082 1943 3308 2028 quali-

749 2051 933 2133 tatiS,
990 2051 1130 2116 fieri
1189 2052 1664 2138 cognoscimus,
1734 2052 1859 2118 hoc
1928 2057 2026 2118 est
2093 2054 2321 2118 ambae
2391 2052 2811 2118 ascendentes
2881 2056 2991 2117 aut
3059 2053 3305 2117 ambae

750 2159 1232 2225 descendentes
1342 2160 1466 2224 Illa
1524 2165 1743 2226 autem
1800 2183 1933 2226 non
1978 2161 2094 2244 sic,
2158 2162 2271 2225 sed
2318 2184 2395 2226 ex
2440 2182 2569 2225 una
2614 2160 3001 2225 ascendente
3050 2163 3116 2224 et
3162 2157 3307 2224 alia

750 2267 1178 2332 descendente
1225 2268 1648 2352 componitur.
1751 2269 1894 2333 Erit
1935 2268 2138 2354 igitur
2182 2269 2420 2352 triplex
2464 2269 2766 2333 mutatio:
2830 2289 2959 2331 una
3015 2267 3305 2333 totidem

711 2365 713 2367 ¹
747 2374 816 2437 in
848 2374 1270 2458 ascendendo,
1321 2376 1450 2440 alia
1488 2375 1762 2441 totidem
1802 2377 1871 2440 in
1902 2376 2367 2460 descendendo,
2414 2377 2612 2440 tertia
2642 2396 2795 2441 vero
2836 2375 3011 2459 capit
3041 2381 3307 2440 utrum-

751 2505 893 2567 que.
987 2482 1118 2548 Sed
1163 2505 1327 2568 quae
1371 2483 1646 2549 totidem
1689 2484 1760 2548 in
1806 2484 2208 2549 ascendendo
2253 2483 2350 2566 fit,
2414 2507 2489 2549 ea
2537 2489 2636 2548 est
2682 2506 2846 2568 quae
2895 2483 2973 2548 de
3019 2485 3302 2550 vocibus

749 2592 1246 2657 ascendentibus
1290 2592 1650 2676 composita
1697 2595 1813 2675 est,
1862 2592 1957 2656 uti
1999 2592 2070 2656 in
2110 2614 2152 2676 9
2195 2594 2495 2656 sol-re—ut
2532 2614 2600 2657 re
2628 2597 2719 2674 ut,
2768 2597 2956 2670 utre,
3004 2592 3072 2656 in
3118 2614 3161 2656 a
3198 2594 3304 2656 la-

747 2701 941 2763 mi-re
971 2703 1112 2782 (pag.
1141 2702 1227 2783 26)
1267 2701 1366 2764 mi
1404 2721 1498 2782 re,
1555 2721 1623 2764 re
1680 2701 1779 2763 mi
1824 2703 1889 2764 et
1929 2699 1998 2764 in
2045 2699 2177 2764 suis
2225 2700 2485 2765 octavis.
2590 2697 2771 2776 Quae
2817 2720 2971 2764 vero
3015 2698 3303 2764 totidem

747 2807 816 2872 in
865 2807 1312 2873 descendendo
1356 2808 1445 2891 fit,
1498 2831 1575 2872 ea
1618 2809 1921 2872 nimirum
1970 2812 2084 2885 est,
2136 2831 2300 2892 quae
2344 2831 2421 2872 ex
2451 2807 2717 2872 vocibus
2751 2807 3306 2872 descendentibus

750 2920 1020 2998 constat,
1072 2916 1239 2981 sicut
1279 2915 1349 2979 in
1395 2937 1428 2980 e
1470 2917 1777 3000 sol-fa-ut
1815 2919 1908 2981 sol
1943 2917 2034 3000 fa,
2083 2917 2157 3000 fa
2185 2919 2292 2997 sol,
2341 2917 2408 2980 in
2454 2917 2499 2979 d
2544 2917 2824 2980 la—sob-‘re
2862 2917 2926 2980 la
2962 2918 3069 2994 sol,
3102 2917 3201 2980 sol
3232 2917 3306 2978 la

751 3028 816 3087 et
859 3024 927 3087 in
973 3023 1105 3087 suis
1149 3025 1412 3088 octavis..
1489 3023 1719 3108 Itaque
1765 3046 2021 3109 semper
2050 3024 2137 3088 'fit
2180 3024 2351 3090 inter
2394 3046 2585 3089 voces
2630 3046 2747 3108 per
2790 3027 3018 3088 tonum
3064 3045 3305 3088 secun-

750 3131 902 3195 dum
948 3131 1237 3196 ordinem
1285 3133 1617 3196 distantes⁸
1724 3131 2091 3197 Secundum
2149 3133 2442 3196 ordinem
2500 3131 2671 3214 dico,
2732 3132 2910 3216 quia,
2970 3135 3043 3196 ut
3094 3152 3305 3215 supra

751 3239 994 3304 dictum
1038 3239 1181 3321 fuit,
1231 3241 1398 3304 sicut
1441 3246 1516 3304 ut
1562 3263 1599 3304 a
1642 3262 1711 3305 re
1757 3241 1955 3305 distat
1996 3262 2114 3324 per
2156 3245 2410 3323 tonum,
2460 3239 2551 3304 sic
2600 3263 2637 3304 a
2679 3261 2748 3303 re
2791 3240 2904 3322 mi,
2950 3239 3047 3303 ita
3092 3239 3302 3303 etiam

746 3348 822 3431 fa
868 3369 905 3411 a
948 3349 1041 3411 sol
1085 3355 1166 3430 et·
1193 3349 1286 3411 sol
1330 3371 1367 3412 a
1411 3350 1491 3412 la.
1584 3346 1715 3413 Sed
1761 3348 2017 3432 quando
2063 3348 2338 3413 mutatio
2383 3347 2481 3430 fit,
2532 3347 2602 3412 in
2645 3347 2792 3412 loco
2838 3346 3093 3431 aequali
3141 3350 3304 3410 sunt

749 3454 1121 3520 collocatae.

922 3563 1144 3628 Tertia
1186 3586 1340 3629 vero
1386 3564 1660 3630 mutatio
1708 3565 2053 3649 dupliciter
2094 3564 2185 3648 fit,
2236 3567 2387 3649 quia
2433 3567 2546 3628 aut
2588 3563 2657 3627 in
2695 3562 2963 3628 vocibus
3011 3582 3175 3645 quae
3226 3559 3301 3624 in

751 3670 974 3735 ordine
1019 3671 1311 3755 positae3
1353 3665 1478 3757 per'
1516 3673 1916 3739 diatessaron
1965 3678 2076 3737 aut
2120 3693 2236 3756 per
2282 3671 2582 3755 diapente
2631 3670 2889 3736 distant.
2982 3669 3110 3733 Per
3155 3667 3304 3732 dia-

749 3781 1044 3844 tessaron
1074 3779 1282 3844 tribus
1313 3780 1521 3847 modis
1554 3780 1804 3846 scilicet
1845 3782 1921 3865 fa
1950 3786 2041 3863 ut,
2090 3786 2165 3844 ut
2193 3781 2286 3864 fa,
2334 3781 2427 3844 sol
2452 3801 2538 3862 re,
2579 3801 2647 3842 re
2676 3780 2784 3861 sol,
2833 3780 2896 3842 Za
2926 3778 3039 3861 mi,
3080 3778 3179 3840 mi
3209 3778 3296 3854 la,

748 3909 864 3970 per
932 3886 1233 3970 diapente
1303 3892 1520 3952 autem
1588 3889 1837 3953 duobus
1906 3888 2152 3954 scilicet
2216 3889 2280 3952 la
2335 3909 2429 3970 re,
2492 3909 2561 3950 re
2614 3889 2701 3968 la,
2766 3887 2855 3950 sol
2896 3890 2987 3967 ut,
3050 3889 3131 3948 ut
3176 3885 3294 3948 sol.

757 3993 1029 4072 Quando
1072 3995 1275 4080 igitur
1318 4017 1546 4060 manus
1601 3999 1700 4060 est
1742 3996 2139 4079 imperfecta,
2186 3995 2256 4059 in
2307 4001 2364 4060 Γ
2378 4000 2497 4077 ἀί,
2543 3994 2610 4057 in
2657 4016 2699 4057 a
2741 4015 2826 4077 re,
2871 3993 2940 4056 in
2985 3993 3021 4055 b
3064 3993 3175 4070 mi,
3228 3990 3307 4055 in

753 4125 783 4166 e
826 4104 890 4167 la
944 4103 1336 4186 permutatio
1392 4103 1532 4168 fieri
1594 4126 1725 4168 non
1780 4108 2061 4187 potest4,
2134 4103 2439 4188 quoniam
2504 4102 2694 4166 unius
2755 4101 2933 4166 vocis
2997 4120 3129 4164 non
3196 4104 3301 4163 est

926 4332 943 4367 1
977 4328 1358 4397 Tinctoris,
1395 4328 1810 4384 Diffinitorium
1848 4327 2391 4396 (Coussemaker‚
2431 4325 2752 4396 Scriptores
2779 4325 2871 4393 IV,
2907 4324 3011 4378 186
3047 4342 3099 4378 u.
3128 4323 3301 4378 Jahr-

747 4416 964 4470 bticher
1000 4417 1040 4483 I,
1077 4416 1178 4481 96).

922 4503 945 4540 2
980 4520 1015 4557 a
1051 4519 1239 4558 causa.

919 4593 942 4630 3
975 4589 1200 4660 positis.

919 4677 944 4714 ⁴
978 4676 1181 4746 possit.
