3592 5509
1396 360 1830 425 „83—

348 535 521 600 Nam
549 534 619 600 in
646 535 857 619 primo
889 534 1078 619 signo
1112 521 1581 651 quadripartitp
1627 533 1886 619 signum
1932 533 2245 618 superius,
2294 533 2465 617 quod
2489 538 2508 577 ¹
2555 533 2888 598 sinistram

348 647 536 708 tenet
578 641 877 728 legentiS,
927 646 993 706 et
1036 641 1348 724 temporis
1395 645 1460 706 et
1503 641 1681 706 modi
1739 640 2206 724 perfectionem
2263 639 2556 706 affirmat.
2649 642 2726 706 In
2773 664 2892 706 sua

275 804 280 809 .
351 772 505 815 vero
538 751 861 815 contraria
889 749 1085 832 modi,
1113 748 1221 833 qui
1252 748 1680 813 universalior
1710 753 1826 831 est,
1855 748 2168 833 perfectio
2202 749 2560 835 denegatur
2587 749 2888 834 idemque

348 857 422 922 in
450 856 911 923 subcontrariis
943 856 1277 940 reperitur.
1327 856 1606 921 Inferius
1638 878 1811 939 vero,
1849 858 2020 941 quod
2051 856 2342 922 dextram
2373 861 2556 923 tenet
2586 857 2886 944 legentiS,

352 965 707 1030 contrarias
739 965 1005 1030 omnino
1032 963 1266 1048 recipit
1294 963 1648 1048 passiones,
1744 963 1853 1029 Sic
1902 969 1966 1029 et
1997 965 2330 1029 sinistrum
2360 964 2630 1030 inferius
2662 970 2889 1030 contra

354 1075 650 1139 dextrum
696 1074 1021 1157 superius3
1066 1094 1220 1136 nam
1263 1073 1332 1136 id
1379 1073 1551 1156 quod
1610 1076 1891 1158 negatur
1932 1073 2002 1136 in
2047 1095 2193 1155 una,
2244 1072 2603 1138 affirmatur
2647 1074 2716 1138 in
2753 1073 2890 1138 alia
2974 1089 2981 1098 ·

353 1201 471 1242 sua
539 1177 1039 1244 contradictoria
1087 1181 1153 1239 et
1199 1198 1233 1239 e
1280 1181 1520 1240 contra.
1616 1174 1865 1252 Quodsi
1911 1179 2252 1260 utrumque
2297 1181 2575 1262 negatur
2617 1178 2686 1241 in
2739 1199 2886 1259 una,

355 1287 547 1351 ambo
580 1284 983 1358 affirmantur
1012 1283 1080 1347 in
1112 1282 1319 1348 altera
1352 1305 1468 1348 sua
1499 1283 2016 1348 contradictoria.
2081 1283 2506 1348 Subalternae
2553 1305 2708 1348 vero
2747 1289 2892 1368 pot-

358 1399 547 1459 erunt
592 1393 738 1476 dici,
788 1415 863 1457 eo
913 1393 1085 1477 quod
1128 1392 1377 1472 modUS‚
1426 1391 1535 1476 qui
1580 1390 2007 1456 universalior
2053 1395 2168 1474 est,
2215 1391 2390 1456 idem
2439 1403 2577 1457 esse
2618 1392 2888 1456 videtur.

348 1501 465 1567 Sic
497 1505 563 1576 et
594 1502 671 1565 de
706 1500 834 1565 alio
876 1500 1064 1585 signo
1110 1500 1579 1584 quadripartito
1629 1499 1982 1578 dicendum¹
2018 1504 2133 1582 est,
2180 1503 2252 1564 ut
2296 1501 2507 1584 patuit
2539 1501 2618 1578 *in
2648 1499 2890 1585 figuris,

528 1609 767 1672 Verum
816 1607 965 1692 quia
1009 1608 1077 1671 in
1123 1606 1243 1671 hac
1287 1611 1471 1691 parte
1508 1607 1820 1692 quidquid
1864 1629 1982 1692 per
2026 1607 2236 1672 varias
2283 1595 2634 1672 fractiones
2683 1608 2896 1674 diver?

354 1739 587 1801 sasque
629 1715 1089 1780 diminutiones
1134 1714 1386 1779 canitur
1416 1715 1498 1800 ad
1530 1715 1851 1798 quandam
1899 1719 2141 1780 certam
2187 1709 2630 1800 integritatem
2678 1716 2892 1780 deter-

354 1824 795 1909 minatamque
840 1844 1211 1887 mensuram
1242 1822 1587 1906 reducitur,
1622 1824 1785 1886 scire
1815 1845 1935 1887 nos
1969 1828 2226 1908 oportet
2254 1845 2372 1907 per
2402 1825 2590 1908 signa
2621 1817 2892 1906 diversa,

352 1933 423 1996 in
484 1932 712 2016 quibus
766 1930 1011 1996 notulis
1074 1951 1445 1994 mensuram
1500 1931 1824 2016 integram
1889 1931 2196 1995 debemus
2251 1936 2492 1995 tenere.
2593 1932 2896 1996 Mensura

360 2039 549 2118 enim,
598 2044 671 2102 ut
717 2039 1010 2120 dixinmS,
1063 2043 1161 2102 est
1203 2038 1365 2101 illud
1410 2043 1665 2121 tempus
1712 2039 1848 2102 sive
1893 2037 2308 2102 intervallum
2350 2039 2523 2103 inter
2579 2039 2897 2105 diastolen

358 2153 423 2212 et
476 2146 765 2231 systolen
820 2147 1106 2230 corporis
1166 2151 1471 2211 eucraton
1525 2146 2079 2230 comprehensum.
2173 2147 2273 2211 De
2329 2147 2509 2212 cuius
2567 2147 2896 2231 inaequali
3003 2174 3013 2195 ⁴
3086 2140 3096 2148 ’

360 2254 743 2320 alteratione
801 2255 1149 2340 insurgunt
1210 2252 1586 2337 inaequales
1641 2256 1926 2347 musicae
1987 2255 2468 2338 proportiones,
2522 2255 2606 2319 de
2666 2255 2897 2339 quibus

355 2363 560 2456 paulo·
606 2367 757 2446 post
822 2361 1056 2426 dicturi
1113 2383 1349 2425 sumus.
1445 2360 1609 2426 Cum
1660 2363 1865 2446 igitur
1919 2366 2145 2427 cantor
2198 2367 2372 2426 recte
2443 2367 2508 2426 et
2568 2384 2894 2428 commen·-

361 2475 576 2535 surate
624 2475 882 2534 cantare
918 2469 1261 2551 desiderat,
1294 2471 1501 2533 instar
1529 2469 1753 2553 pulsus
1799 2469 1987 2534 istius
2019 2472 2252 2554 pedem
2298 2475 2409 2534 aut
2453 2492 2713 2535 manum
2759 2471 2894 2534 sive

360 2578 636 2664 digitum
695 2582 971 2662 tangens
1030 2577 1100 2641 in
1147 2577 1429 2661 aliquem
1485 2574 1701 2641 locum
1759 2578 2049 2642 canendo
2095 2583 2371 2643 moveat.
2463 2577 2547 2642 Et
2593 2601 2737 2643 cum
2781 2601 2898 2662 per

356 2687 635 2769 primum
681 2685 989 2750 cecinerit
1036 2685 1293 2770 signum
1340 2684 1896 2768 quadripartitum,
1933 2708 2302 2751 mensuram
2344 2685 2540 2751 istam
2585 2691 2785 2770 ponat
2828 2687 2898 2752 in

358 2795 572 2874 brevi3
631 2799 785 2858 tunc
843 2793 1015 2859 enim
1067 2793 1267 2878 longa
1319 2793 1387 2856 in
1440 2792 1584 2856 istis
1636 2798 1692 2855 O
1722 2790 1768 2860 5
1805 2801 1860 2857 O
1888 2792 1934 2862 2
1997 2794 2208 2859 tribus
2264 2779 2574 2878 temporis
2630 2795 2896 2860 morulis

356 2901 851 2982 mensurabitur,
898 2903 967 2964 in
1006 2901 1151 2964 istis
1196 2921 1348 2964 vero
1386 2906 1432 2962 C
1464 2898 1511 2968 5
1548 2907 1586 2963 C
1632 2899 1677 2967 2
1710 2901 1978 2966 duabus.
2072 2902 2330 2986 Duplex
2373 2924 2526 2967 vero
2579 2902 2777 2989 longa
2829 2903 2897 2966 in

357 3008 461 3073 his
499 3015 555 3072 O
583 3007 630 3076 5
668 3015 723 3072 O
753 3007 799 3076 2
832 3030 963 3090 sex,
1015 3009 1129 3072 sed
1156 3009 1225 3072 in
1256 3007 1399 3071 istis
1437 3015 1481 3071 C
1523 3006 1570 3075 5
1607 3012 1647 3069 C
1687 3007 1733 3076 2
1767 3014 2043 3093 quatuor
2089 3015 2340 3079 tantum
2395 3009 2654 3075 valebit.
2747 3011 2900 3094 Ipsa

358 3140 513 3182 vero
565 3139 872 3182 mensura
924 3117 994 3179 in
1038 3115 1183 3180 istis
1230 3116 1479 3181 duobus
1526 3122 1582 3178 O
1612 3114 1658 3184 2
1695 3122 1739 3179 C
1775 3115 1822 3184 2
1867 3139 1983 3200 per
2029 3118 2312 3182 medium
2357 3119 2426 3182 in
2474 3118 2597 3182 duo
2645 3123 2898 3183 tantum

359 3225 753 3290 semibreves
828 3228 1085 3288 secatur
1130 3209 1558 3308 ’quatuorque
1620 3225 1938 3288 minimas.
2033 3226 2110 3289 In
2184 3226 2327 3290 istis
2402 3247 2554 3292 vero
2605 3234 2660 3289 O
2692 3223 2738 3293 5
2775 3232 2818 3290 C
2851 3224 2899 3294 5

360 3332 721 3419 aequaliter
778 3335 845 3396 in
899 3338 1033 3397 tres
1094 3332 1402 3396 dividitur
1466 3332 1860 3397 semibreves
1921 3355 2033 3397 sex
2081 3355 2334 3417 quoque
2391 3335 2712 3417 minimas,
2775 3333 2901 3398 nisi

361 3444 763 3525 comparatio
809 3441 1171 3525 inaequalis
1217 3440 1331 3504 fiat
1377 3462 1520 3504 cum
1550 3445 1795 3523 tenore,
1833 3443 2337 3531 quoniam-tunc
2381 3441 2661 3528 insurgit
2707 3463 2902 3526 quae-

364 3551 513 3613 dam
556 3548 1045 3632 inaequalitatis
1091 3547 1425 3626 habitudo‚
1476 3550 1553 3612 de
1602 3570 1728 3633 qua
1773 3551 1842 3612 in
1886 3549 2414 3632 proportionibus
2463 3549 2767 3614 dicemus,

537 3657 655 3722 Sin
706 3679 859 3722 vero
918 3679 1037 3740 per
1083 3658 1435 3720 secundum
1492 3656 1799 3721 cecinerit
1853 3658 2110 3743 signum
2156 3657 2713 3742 quadripartitum,
2765 3680 2903 3723 mo-

358 3765 569 3829 rulam
612 3769 813 3848 ponet
865 3765 935 3830 in
990 3765 1338 3831 semibrevi
1398 3770 1463 3828 et
1515 3769 1668 3829 tunc
1717 3764 1933 3829 brevis
1979 3768 2111 3829 tres
2165 3787 2500 3829 mensuras
2545 3765 2791 3830 valebit
2835 3765 2903 3828 in

359 3874 505 3946 istis
542 3879 597 3935 Θ
639 3879 720 3954 O,
756 3873 913 3936 duas
960 3893 1113 3936 vero
1158 3876 1416 3936 tantum
1458 3871 1530 3935 in
1572 3870 1673 3935 his
1712 3877 1751 3933 C
1810 3878 1899 3951 C;
1958 3876 2022 3936 et
2053 3873 2220 3938 sicut
2246 3873 2316 3937 in
2364 3873 2508 3937 aliis
2543 3873 2746 3939 divisa
2775 3873 2902 3938 fuit

361 3983 617 4064 ae·(pag.
659 3979 1031 4064 68)qualiter
1087 3980 1156 4044 in
1214 3980 1369 4044 duas
1432 3985 1543 4044 aut
1586 3979 1655 4043 in
1700 3984 1834 4044 tres
1885 3969 2298 4062 semibreveS,
2347 3981 2440 4045 ita
2484 3981 2554 4044 in
2597 3980 2741 4045 istis
2786 3981 2896 4066 [in]

361 4089 520 4152 duas
580 4088 880 4152 minimas
940 4092 1052 4152 aut
1104 4087 1171 4151 in
1225 4092 1376 4166 tres,
1433 4090 1627 4171 prout
1682 4087 1939 4173 signum
1994 4088 2463 4171 perfectionem
2509 4093 2622 4152 aut
2666 4090 2904 4173 imper-

360 4195 711 4261 fectionem
758 4196 1041 4277 denotat,
1092 4194 1429 4259 dividetur.
1525 4194 1634 4260 Sic
1693 4199 1761 4260 et
1812 4197 1880 4259 in
1938 4179 2212 4280 quatuor
2265 4201 2377 4260 aut
2429 4197 2497 4260 in
2553 4218 2667 4262 sex
2713 4199 2905 4262 semi—-

360 4303 665 4386 minimis,
717 4307 782 4367 et
824 4303 1001 4368 istud
1048 4299 1163 4385 est,
1215 4303 1390 4387 quod
1434 4303 1837 4387 frequentius
1885 4305 2268 4369 observatur
2282 4308 2323 4369 2.

538 4473 558 4509 1
594 4469 710 4538 qui.
1842 4544 1868 4555 ..

536 4557 559 4594 2
592 4555 796 4611 Dieser
840 4557 1054 4611 Absatz
1101 4555 1285 4610 findet
1333 4554 1457 4610 sich
1503 4555 1563 4609 in
1613 4555 1785 4612 freier
1833 4557 2228 4627 Ubersetzung
2271 4557 2366 4612 bei
2416 4557 2650 4612 Pietro
2698 4559 2902 4626 Aron,

368 4645 687 4712 ToseaneIlO,
726 4660 847 4713 cap.
874 4643 956 4696 38.

2419 4749 2487 4802 6*
