3592 5509
1807 399 2233 462 ...76-

752 577 933 642 locus
1002 597 1034 639 c
1072 575 1385 659 sol-fa-ut
1447 573 1653 638 caruit
1720 573 1809 636 mi
1877 571 2126 656 quinta,
2199 571 2505 656 quoniam
2575 573 2800 636 contra
2859 570 2904 654 f
2953 569 3094 635 fieri
3163 592 3293 634 non

754 683 985 768 potuit.
1077 683 1233 748 Ideo
1279 684 1545 746 tantum
1578 703 1649 745 re
1706 680 1807 745 sol
1860 680 2170 763 obtinuit,
2231 699 2454 744 verum
2500 700 2532 743 c
2560 679 2746 763 fa—ut
2788 701 2857 744 re
2903 678 2971 744 fa
3024 679 3124 742 sol
3171 679 3298 744 sibi

754 791 1053 856 vendicat
1095 788 1453 856 inhaerere.
1526 789 1657 854 Sed
1698 790 1758 879 *si
1806 787 2140 874 contingat
2182 787 2248 852 la
2280 787 2574 873 quintum
2607 787 3036 876 compositum
3078 787 3296 852 locum

753 899 1014 981 habere,
1064 898 1546 982 componendus
1594 895 1842 961 carebit
1890 895 2136 980 eadem3
2193 894 2497 979 quoniam
2541 895 2775 960 ultima
2827 895 2894 959 la
2936 895 3118 959 nulla
3149 903 3298 960 ‘vox

758 1009 856 1072 est
898 1005 968 1070 in
1012 1007 1140 1070 ista
1187 1005 1481 1071 doctrina
1526 1004 1810 1072 confusa.
1905 1003 2067 1069 Cum
2110 1003 2312 1090 igitur
2358 1003 2486 1068 3113
2530 1006 2862 1089 gemmata
2907 1023 3294 1086 componere

754 1114 935 1196 velie,
983 1113 1187 1199 signis
1232 1115 1270 1179 8
1318 1113 1705 1196 comparatis
1757 1112 1934 1177 idem
1981 1111 2253 1195 eveniet,
2313 1133 2386 1176 ac
2444 1111 2640 1176 etiam
2695 1112 2765 1176 in
2819 1112 3293 1194 complemento

754 1221 928 1288 idem
972 1220 1358 1286 faciendum.
1454 1219 1634 1297 Quae
1677 1221 1896 1285 omnia
1937 1221 2007 1284 in
2053 1219 2346 1285 subiecta
2389 1218 2595 1305 figura
2640 1218 3068 1284 continentur.

927 1330 1119 1394 Patet
1175 1351 1253 1393 ex
1302 1327 1447 1412 hoc,
1511 1329 1681 1412 quod
1739 1348 1859 1392 nec
1917 1327 1986 1391 fa
2038 1349 2158 1392 nec
2210 1330 2282 1391 ut
2339 1331 2563 1392 contra
2607 1349 2676 1391 re
2732 1325 2873 1391 fieri
2927 1329 3161 1410 potest,
3223 1333 3296 1390 ut

756 1437 1020 1501 tertium
1051 1458 1309 1522 gamma
1356 1440 1421 1500 et
1464 1435 1812 1520 septimum
1856 1435 1924 1498 in
1969 1455 2012 1498 a
2039 1455 2122 1500 re.
2201 1434 2340 1499 Nec
2383 1457 2453 1498 re
2498 1455 2618 1499 nec
2661 1433 2729 1498 la
2773 1436 2999 1500 contra
3044 1433 3110 1498 fa
3153 1432 3294 1497 fieri

761 1566 950 1628 posse
995 1547 1181 1627 patet
1227 1566 1304 1608 ex
1358 1543 1842 1626 comparatione
1894 1541 2075 1607 tertii
2129 1541 2522 1607 hexachordi
2577 1541 2658 1606 ad
2708 1542 2753 1626 f
2770 1542 2968 1625 fa-ut.
3063 1540 3171 1606 Sic
3233 1543 3297 1604 et

758 1652 923 1717 aliae
970 1673 1161 1717 voces
1208 1655 1432 1718 contra
1478 1651 1640 1716 alias
1692 1651 1761 1715 in
1809 1649 2076 1716 diversis
2121 1649 2546 1716 hexachordis
2591 1649 2732 1714 fieri
2785 1671 2915 1714 non
2968 1653 3291 1733 poterunt,

757 1761 929 1845 quod
976 1759 1277 1845 diligenti
1321 1758 1553 1824 lectori
1597 1758 2020 1844 relinquimus
2065 1758 2522 1844 indagandum.

932 1868 1392 1932 Animadverte
1460 1867 1687 1954 igitur,
1755 1867 1978 1951 lector,
2052 1871 2290 1952 quanta
2359 1889 2396 1932 3
2465 1865 2846 1950 sequacibus
2917 1863 3293 1929 Gruidonis

760 1974 981 2041 secuta
1024 1976 1191 2041 mira
1234 1975 1549 2040 videntur.
1641 1975 1881 2041 Totum
1923 1975 2099 2039 istud
2151 1979 2373 2039 tamen
2417 1974 2886 2058 assequendum
2935 1976 3070 2036 est-‚1
3121 1975 3298 2036 recte

759 2083 1275 2170 intelligentibus
1305 2087 1596 2148 nostram
1644 2083 2020 2148 doctrinam.
2096 2081 2232 2166 Ipsi
2280 2084 2514 2164 autem,
2561 2085 2906 2166 postquam
2938 2079 3297 2145 doctrinam

759 2192 950 2255 unius
996 2192 1343 2276 gammatis
1375 2195 1793 2277 cognoscunt,
1840 2191 2048 2255 multa
2093 2213 2161 2254 se
2209 2190 2372 2255 scire
2407 2189 2818 2273 arbitrantur,
2866 2189 3104 2253 nedum
3149 2208 3298 2251 011111

764 2300 888 2364 ᾶ11ο
934 2299 1081 2364 ve12
1127 2301 1209 2364 ab
1254 2321 1383 2364 uno
1427 2300 1498 2364 in
1544 2299 1741 2363 alium
1786 2299 2085 2364 invicem.

936 2526 953 2561 ¹
990 2522 1324 2578 asservendi
1359 2526 1575 2592 potest.
1887 2523 1910 2560 2
1945 2526 2026 2578 ut.
