3592 5509
1770 297 2292 389 ‘-94-

811 501 1133 565 discursus
1178 496 1302 562 hoc
1347 498 1570 563 modo:
1628 499 1796 562 sicut
1841 497 1881 560 2
1928 498 2010 563 ad
2053 496 2113 579 3,
2159 497 2254 562 ita
2298 497 2339 560 4
2387 498 2466 563 ad
2511 497 2552 561 6
2601 502 2666 562 et
2710 497 2750 561 8
2798 497 2880 561 ad
2927 496 3026 580 12,
3087 486 3345 581 (11116111

810 608 1108 674 omnibus
1140 606 1539 691 sesqualtera
1577 605 1912 690 proportio
1944 606 2319 672 custoditur.
2414 592 2880 692 Coniungendo
2927 627 3079 669 vero
3117 627 3344 668 nume-

807 737 915 782 ros
960 715 1242 780 minores
1290 738 1327 778 a
1369 714 1723 780 maioribus
1770 719 2105 799 separatos
2151 714 2590 780 concludimus
2635 713 2759 778 hoc
2791 715 3009 778 modo:
3061 734 3213 798 ergo
3260 713 3346 776 si-

813 828 922 889 cut
968 823 1027 887 2.
1060 821 1117 886 3.
1153 823 1194 886 4
1239 823 1410 888 inter
1440 845 1528 898 se,
1575 822 1671 887 ita
1702 822 1858 888 6:23.
1911 823 1992 886 12
2036 823 2207 888 inter
2252 845 2340 888 se.
2431 823 2516 886 Et
2560 823 2629 886 in
2673 823 2939 888 vocibus
2985 821 3107 886 hoc
3137 825 3347 904 pacto,

811 932 867 996 si
912 931 1043 996 sint
1088 955 1120 994 c
1164 933 1207 995 d
1249 954 1281 995 e
1315 931 1360 1015 f
1396 935 1461 995 et
1500 953 1542 1014 9
1587 933 1646 1012 h,
1698 931 2056 1016 arguimus:
2115 932 2282 996 sicut
2326 953 2359 995 6
2405 931 2486 994 ad
2524 931 2574 1015 f,
2633 930 2729 994 ita
2771 931 2816 994 d
2859 931 2940 994 ad
2973 951 3032 1012 9,
3082 929 3174 992 sic
3221 932 3348 991 ete

810 1042 889 1106 ad
938 1043 1005 1118 123
1054 1062 1206 1105 nam
1249 1041 1318 1104 in
1365 1040 1663 1104 omnibus
1703 1039 2103 1104 diatessaron
2151 1044 2250 1104 est
2293 1039 2733 1105 consonantia.
2828 1038 3201 1103 Coniunctis
3233 1058 3352 1099 au-

812 1153 947 1214 tem
1014 1148 1239 1232 primis
1297 1148 1565 1213 vocibus
1622 1148 1832 1213 tribus
1896 1172 1933 1212 a
1992 1147 2433 1231 superioribus
2503 1147 2819 1231 separatis
2879 1144 3347 1210 concludimus:

780 1261 968 1342 'ergo
1014 1257 1180 1320 sicut
1218 1276 1250 1319 6
1285 1257 1329 1318 d
1356 1277 1388 1319 e
1432 1256 1604 1319 inter
1649 1277 1735 1334 se,
1784 1255 1880 1320 ita
1922 1256 1967 1339 f
1995 1277 2037 1338 9
2079 1257 2124 1319 h
2164 1256 2337 1320 inter
2381 1277 2469 1320 se.
2561 1255 2638 1319 In
2686 1255 2982 1318 omnibus
3031 1254 3201 1317 enim
3244 1251 3350 1315 1116

810 1368 1002 1429 tonus
1072 1362 1503 1427 differentiam
1561 1362 1734 1427 facit.
1839 1363 2062 1426 Multis
2119 1368 2184 1426 et
2241 1363 2434 1426 variis
2501 1363 2698 1426 etiam
2757 1361 2900 1426 aliis
2961 1361 3168 1425 modis
3220 1360 3352 1424 ista

810 1470 1383 1555 proportionalitas
1430 1470 1734 1553 variatur,
1796 1471 1875 1534 de
1924 1470 2154 1555 quibus
2214 1470 2408 1554 paulo
2462 1475 2612 1554 post
2663 1470 2834 1534 idest
2876 1469 3201 1534 volumine
3249 1490 3354 1531 se-

814 1579 1021 1643 cundo
1066 1577 1261 1642 latius
1310 1578 1480 1642 dice-
1528 1582 1779 1661 (pag.76)
1828 1601 1987 1642 mus.

983 1687 1227 1750 Rursus
1289 1709 1381 1768 ea,
1442 1709 1605 1770 quae
1662 1688 1969 1751 continua
2027 1691 2141 1768 est,
2213 1686 2535 1770 triplicem
2591 1686 2822 1769 recipit
2889 1684 3352 1752 variationem:

812 1798 927 1858 aut
974 1794 1145 1858 enim
1175 1817 1589 1860 numerorum
1640 1816 1936 1858 excessus
1969 1794 2413 1858 consideratur
2444 1798 2556 1858 aut
2597 1794 2666 1858 in
2697 1793 2986 1877 utrisque
3017 1792 3356 1875 proportio

816 1903 1210 1986 conspicitur
1272 1906 1383 1966 aut
1442 1925 1819 1967 excessuum
1877 1907 1942 1967 et
1994 1902 2418 1968 terminorum
2483 1903 2880 1984 comparatio
2942 1904 3352 1983 coaequatur.

815 2010 1035 2074 Prima
1098 2011 1270 2074 enim
1330 2009 1741 2074 arithmetica
1809 2015 1925 2091 est,
1985 2011 2266 2075 secunda
2327 2009 2724 2096 geometrica
2778 2010 3026 2073 dicitur.
3129 2007 3360 2070 Tertia

813 2138 965 2181 vero
1028 2117 1281 2182 dulcem
1341 2139 1414 2181 ac
1474 2116 1928 2183 delectabilem
1984 2117 2143 2182 facit
2195 2117 2620 2182 harmoniam.
2711 2117 2829 2181 His
2886 2116 3086 2202 igitur
3144 2110 3359 2178 tribu's

814 2225 1114 2290 discussis
1161 2225 1309 2289 huic
1353 2226 1561 2308 primo
1606 2225 2037 2308 practicorum
2085 2225 2396 2290 volumini
2440 2225 2634 2289 finem
2679 2227 3101 2307 imponemus,

986 2332 1149 2397 Cum
1193 2333 1394 2418 igitur
1439 2355 1741 2398 numeros
1787 2338 1921 2398 tres
1969 2334 2310 2398 continuos
2357 2337 2468 2397 aut
2514 2332 2769 2416 aequali
2815 2333 3122 2396 distantia
3167 2353 3362 2415 sepa-

812 2445 987 2504 ratos
1046 2440 1503 2523 invenerimuS,
1564 2440 2239 2524 proportionalitatem
2296 2440 2770 2506 arithmeticam
2827 2440 2998 2504 inter
3054 2461 3162 2504 eos
3212 2461 3359 2503 esse

815 2548 1117 2629 dicemus,
1174 2553 1247 2612 ut
1289 2549 1356 2613 in
1403 2548 1505 2612 his
1551 2549 1837 2613 numeris
1887 2548 1940 2612 1.
2004 2548 2060 2612 2.
2123 2548 2181 2612 3.
2273 2549 2518 2613 Eadem
2568 2549 2738 2613 enim
2785 2548 3164 2633 quantitate,
3227 2569 3362 2630 qua

813 2655 1063 2720 medius
1107 2656 1425 2721 minorem
1473 2656 1747 2739 excellit,
1801 2656 2076 2721 vincitur
2121 2681 2157 2722 a
2202 2657 2450 2739 maiori,
2503 2657 2673 2741 quod
2721 2662 2820 2722 est
2862 2679 2979 2740 per
3013 2656 3356 2720 unitatem.

815 2761 989 2849 Ergo
1039 2770 1136 2828 est
1166 2763 1573 2828 arithmetica
1619 2765 1973 2848 proporti0,
2025 2753 2328 2849 quoniam
2359 2765 2717 2850 aequalitas
2751 2765 3106 2829 attenditur
3139 2785 3364 2828 exces-

814 2893 923 2935 sus
972 2876 1036 2934 et
1079 2893 1209 2935 non
1254 2872 1761 2956 proportionum.
1856 2872 2172 2938 Similiter
2213 2873 2284 2937 in
2329 2873 2429 2938 his
2476 2874 2761 2938 numeris
2793 2873 2849 2937 2.
2886 2873 2943 2936 4.
2980 2872 3019 2935 6
3064 2871 3362 2936 binarius

817 2978 1247 3043 differentiam
1292 2978 1449 3044 facit
1497 2984 1562 3044 et
1606 2980 1675 3044 in
1719 2980 1864 3044 istis
1909 2979 1968 3044 3.
2017 2980 2076 3044 6.
2135 2980 2176 3044 9
2220 2981 2541 3045 ternarius
2600 2986 2664 3046 et
2711 2981 3012 3063 deinceps
3061 2980 3142 3043 ad
3185 2979 3364 3042 1111116

814 3086 1123 3153 ordinem.
1214 3086 1481 3152 Talibus
1541 3087 1713 3151 enim
1756 3087 2050 3173 vestigiis
2094 3087 2542 3153 inhaerentem
2595 3087 2811 3153 nullus
2868 3089 2948 3151 ab
2999 3088 3224 3152 eadem
3269 3085 3364 3150 61-

816 3195 1179 3259 militudine
1228 3215 1404 3260 error
1450 3195 1742 3282 abducet.
1836 3196 1934 3260 Ex
1990 3195 2111 3261 hac
2165 3201 2383 3261 tamen
2435 3196 2785 3261 medietate
2839 3200 3122 3278 notatur,
3185 3195 3364 3280 quod

813 3303 883 3367 in
927 3302 1281 3368 minoribus
1335 3303 1632 3367 terminis
1678 3303 1958 3368 maiores
2010 3304 2481 3388 proportioneS,
2541 3305 2610 3368 in
2663 3304 3016 3369 maioribus
3069 3303 3363 3368 minores

814 3410 1333 3494 comparationes
1377 3433 1645 3476 necesse
1695 3416 1794 3476 est
1837 3412 2132 3494 inveniri,
2181 3417 2254 3477 ut
2295 3412 2365 3476 in
2410 3412 2538 3476 his:
2598 3412 2657 3476 4.
2707 3412 2766 3475 6.
2818 3412 2874 3476 8.
2969 3412 3045 3476 In
3090 3412 3364 3476 minori-

816 3519 938 3583 bus
992 3519 1283 3582 terminis
1340 3519 1755 3603 sesqualtera,
1820 3520 1890 3583 111
1933 3520 2287 3586 maioribus
2346 3542 2499 3585 vero
2547 3520 2960 3605 sesquitertia
3015 3519 3358 3604 reperitur.

990 3621 1398 3686 Geometrica
1436 3644 1586 3687 vero
1623 3623 1956 3707 medietas,
1993 3647 2155 3708 quae
2188 3625 2353 3688 hanc
2385 3624 2693 3709 sequitur,
2741 3624 3136 3708 expediatur.
3208 3624 3362 3706 Ipsa

818 3728 972 3798 sola,
1002 3729 1105 3793 vel
1164 3729 1441 3793 maxime
1501 3730 2077 3813 proportionalitas
2123 3730 2438 3816 appellari
2496 3736 2732 3816 potest,
2780 3735 3127 3816 propterea
3189 3731 3364 3815 quod

812 3836 883 3900 in
930 3837 1173 3902 eisdem
1226 3837 1755 3921 proportionibus
1811 3839 2234 3904 terminorum
2287 3839 2391 3903 vel
2449 3839 2518 3904 in
2563 3840 2916 3905 maioribus
2961 3839 3067 3903 vel
3110 3839 3179 3902 in
3239 3839 3362 3902 mi-

815 3943 1082 4008 noribus
1128 3944 1483 4028 speculatio
1529 3945 1809 4028 ponitur,
1865 3946 1935 4009 in
1981 3969 2104 4030 qua
2153 3947 2410 4030 quidem
2470 3969 2675 4032 aequa
2723 3969 2978 4031 semper
3020 3947 3358 4031 proportio

818 4052 1179 4118 custoditur
1219 4075 1637 4118 ‚numerorum
1684 4054 2048 4138 quantitate
2093 4055 2411 4140 neglecta,
2463 4055 2787 4119 contraria
2835 4055 3005 4120 enim
3052 4055 3361 4120 arithme-

814 4159 982 4224 ticae
1028 4160 1381 4226 medietati.
1472 4161 1564 4226 Ut
1606 4162 1674 4225 in
1719 4160 1822 4226 his
1872 4162 1926 4226 1.
1984 4162 2041 4225 2.
2093 4162 2134 4224 4
2179 4163 2283 4227 vel
2326 4162 2397 4227 in
2442 4162 2544 4227 his
2591 4162 2651 4227 6.
2704 4163 2802 4227 12.
2854 4163 2954 4227 24.
3015 4162 3232 4246 dupla·
3260 4167 3360 4227 est

813 4271 1107 4351 utroque,
1156 4268 1247 4333 sic
1295 4273 1359 4333 et
1401 4269 1471 4333 in
1514 4268 1709 4352 tripla
1752 4273 1828 4334 ut
1868 4269 1939 4332 in
1984 4268 2085 4332 1116
2135 4269 2188 4332 1.
2240 4269 2296 4333 3.
2349 4270 2389 4333 9
2437 4277 2548 4335 aut
2589 4271 2660 4335 in
2705 4269 2805 4334 his
2853 4270 2910 4337 2.
2944 4271 3003 4334 6.
3056 4270 3138 4334 18
3181 4275 3247 4335 et
3287 4270 3358 4333 in

817 4371 1171 4454 quadrupla
1236 4376 1302 4436 et
1355 4372 1425 4436 in
1470 4373 1703 4437 ceteris
1750 4372 2066 4464 similiter.
2158 4373 2235 4437 In
2292 4373 2414 4438 hac
2475 4379 2690 4442 autem
2749 4374 3355 4458 proportionalitate

816 4483 1081 4552 notatur
1131 4479 1513 4564 proprietaS,
1576 4482 1747 4565 quod
1801 4481 1870 4545 in
1924 4469 2278 4547 maioribus
2333 4482 2438 4547 vel
2502 4482 2572 4546 in
2639 4482 2995 4572 minoribus
3060 4482 3354 4547 terminis

820 4609 1073 4671 semper
1118 4588 1419 4673 aequales
1468 4593 1618 4653 sunt
1663 4590 2130 4673 proportiones.

3569 1515 3571 1522 .
3566 1425 3571 1466 --
3553 1323 3569 1416 ..ῳ-..9
