3592 5509
1359 364 1786 429 „49-

297 536 573 601 octavis.
651 536 910 603 Tertius
939 536 1168 602 modus
1216 542 1330 619 est,
1379 536 1637 623 quando
1683 538 2099 603 semitonium
2145 544 2243 605 est
2272 539 2340 605 in
2372 539 2589 605 altiori
2619 544 2693 605 ut
2722 562 2755 605 c
2784 540 2837 625 f,

299 644 352 727 f
387 661 437 728 p,
481 666 526 728 9
567 646 608 709 k
651 645 1064 730 [disiunctim]
1110 652 1176 710 et
1215 645 1288 709 in
1327 644 1600 711 istorum
1646 648 1909 711 octavis.

484 752 808 837 Diapente
864 774 1018 818 vero
1077 758 1351 838 quatuor
1408 754 1618 819 modis
1667 753 1796 833 fiet,
1866 755 2169 839 quoniam
2226 759 2501 839 quatuor
2560 756 2849 821 continet

299 861 674 947 intervalla,
729 864 865 927 tres
921 882 1146 926 verum
1199 866 1392 927 tonos
1435 884 1760 947 unumque
1820 864 2249 928 semitonium.
2340 862 2595 927 Primus
2646 862 2848 949 igitur

300 970 542 1035 modus
587 968 858 1034 habebit
887 969 1302 1035 semitonium
1346 970 1414 1034 in
1460 970 1740 1035 secundo
1785 970 2130 1035 intervallo
2175 974 2319 1034 uta
2347 992 2379 1035 c
2422 970 2527 1035 vel
2570 971 2617 1035 d
2642 972 2702 1052 h,
2752 970 2845 1034 sic

301 1082 374 1141 et
415 1098 459 1161 9
503 1080 526 1141 l
565 1078 636 1141 in
679 1078 1040 1160 coniuncto,
1087 1076 1132 1141 12
1173 1098 1242 1141 m
1283 1077 1354 1141 in
1399 1076 1721 1143 disiuncto
1769 1082 1837 1143 et
1876 1078 1947 1143 in
1994 1099 2216 1143 eorum
2262 1078 2523 1143 octavis.
2604 1078 2847 1143 Secun-

300 1186 428 1250 dus
457 1186 688 1249 modus
732 1183 1002 1251 habebit
1031 1184 1444 1251 semitonium
1486 1185 1570 1249 in·
1585 1185 1799 1269 primo
1838 1189 1914 1250 ut
1956 1208 1989 1250 e
2032 1187 2067 1265 ἦ
2104 1190 2169 1251 et
2210 1186 2254 1250 h
2282 1207 2350 1249 m
2393 1186 2463 1251 in
2502 1184 2846 1251 coniuncto

302 1298 372 1357 et
420 1296 490 1358 in
534 1293 807 1358 istorum
853 1293 1114 1358 octavis.
1208 1294 1464 1358 Tertius
1513 1314 1664 1359 vero
1717 1294 1945 1359 modus
1991 1292 2261 1359 habebit
2314 1292 2733 1358 semitonium
2779 1294 2847 1357 in

301 1407 541 1485 quarto
586 1400 930 1466 intervallo
973 1404 1049 1465 ut
1092 1402 1136 1485 f
1168 1403 1208 1465 k
1251 1401 1588 1485 disiuncto,
1637 1388 1670 1460 l?
1712 1422 1762 1464 n
1806 1406 1874 1466 et
1916 1402 1987 1465 in
2030 1402 2163 1466 suis
2210 1401 2471 1466 octavis.
2567 1399 2847 1478 Quartus

302 1531 465 1574 vero
511 1510 740 1575 modus
785 1508 1056 1574 habebit
1101 1508 1514 1574 semitonium
1568 1509 1637 1573 in
1683 1510 1879 1574 tertio
1924 1509 2267 1575 intervallo
2311 1513 2384 1573 ut
2428 1530 2461 1573 c
2498 1531 2542 1593 9
2585 1508 2692 1573 vel
2733 1509 2778 1593 f
2810 1510 2848 1572 k

299 1616 374 1680 in
423 1618 767 1682 coniuncto
827 1621 940 1681 aut
987 1638 1030 1701 9
1074 1618 1130 1680 2¹
1193 1615 1264 1680 in
1307 1616 1626 1681 disiuncto
1674 1621 1741 1682 et
1783 1618 1855 1681 in
1896 1616 2171 1683 istorum
2230 1616 2491 1683 octavis.
2584 1616 2725 1681 Hoc
2779 1616 2847 1680 in

303 1724 538 1789 ordine
583 1724 972 1811 intelligitur
1027 1724 1325 1802 naturali,
1389 1724 1692 1809 quoniam
1749 1724 1818 1789 in
1878 1724 2260 1790 accidentali
2320 1726 2401 1791 ab
2462 1744 2845 1810 unaquaque

299 1832 552 1897 chorda
597 1833 678 1897 ad
723 1832 917 1897 aliam
961 1833 1295 1897 venientes
1329 1832 1614 1896 diversas
1661 1854 1884 1897 omnes
1932 1837 2207 1917 quatuor
2248 1854 2587 1916 possumus
2633 1836 2845 1899 facere

305 1942 635 2024 diapente.
730 1940 878 2005 Sic²
925 1952 1067 2020 (pag.
1090 1954 1173 2013 38)
1228 1944 1292 2004 et
1322 1940 1499 2030 ¹alias
1545 1941 1810 2023 species.

482 2048 614 2113 Sed
655 2048 786 2113 ista
827 2048 1144 2132 ponimus,
1203 2070 1288 2113 ne
1342 2047 1635 2113 doctrina
1679 2048 1794 2112 fiat
1839 2047 2108 2113 confusa
2155 2051 2220 2112 et
2264 2050 2490 2111 cantus
2544 2046 2846 2113 ecclesia-

301 2158 510 2221 sticus
562 2154 985 2241 intelligatur,
1036 2156 1146 2240 qui
1199 2155 1586 2241 regulariter
1634 2160 1731 2220 est
1777 2155 2129 2221 ordinatus.
2220 2154 2354 2219 Alii
2409 2177 2564 2219 vero
2623 2160 2845 2220 cantus

303 2266 530 2348 potius
560 2262 827 2328 lascivia
874 2286 1066 2348 quam
1094 2266 1432 2327 venustate
1465 2262 1807 2347 compositi
1836 2284 2188 2346 numquam
2231 2262 2340 2327 vel
2376 2284 2522 2327 raro
2553 2262 2844 2347 regulam

300 2374 588 2450 servant,
653 2371 730 2435 de
791 2393 916 2455 qua
968 2370 1162 2455 paulo
1219 2376 1368 2454 post
1421 2370 1777 2455 loquemur.
1886 2371 2071 2435 Prius
2130 2375 2347 2435 tamen
2410 2370 2488 2433 de
2548 2370 2844 2434 omnibus

299 2479 648 2563 speciebus
693 2478 1052 2563 loquamur,
1103 2501 1265 2563 quae
1310 2478 1622 2544 tredecim
1668 2501 1706 2543 a
1750 2478 1971 2543 multis
2020 2500 2159 2543 esse
2206 2482 2531 2561 putantur.

482 2586 746 2671 Species
793 2608 945 2651 vero
1003 2588 1354 2652 secundum
1397 2587 1819 2651 Boetium³
1880 2590 1978 2651 est
2040 2585 2356 2670 quaedam
2406 2584 2644 2668 positio
2696 2606 2845 2668 pro-

296 2696 518 2779 priam
561 2693 808 2760 habens
854 2694 1130 2759 formam
1161 2696 1511 2761 secundum
1541 2694 2038 2779 unumquodque
2070 2714 2274 2779 genus
2306 2692 2417 2777 [in]
2446 2693 2847 2757 uniuscuius-

300 2826 432 2887 que
464 2802 900 2886 proportionis
933 2802 1420 2868 consonantiam
1451 2802 1751 2867 facientis
1790 2801 2086 2866 terminis
2118 2802 2485 2865 constituta.
2582 2799 2845 2865 Scilicet

300 2912 386 2978 ab
439 2910 830 2994 aequalitate
879 2910 1282 2975 discedentes
1327 2932 1528 2994 usque
1576 2911 1657 2974 ad
1703 2910 2016 2993 diapason
2060 2930 2175 2992 per
2212 2908 2606 2973 additionem
2653 2908 2845 2973 semi-

296 3018 470 3083 tonii
515 3018 692 3083 fiunt.
785 3018 1004 3083 Prima
1030 3018 1232 3103 igitur
1278 3017 1564 3102 aequalis
1596 3017 1831 3082 dicitur
1861 3019 2201 3097 unisonus3
2248 3020 2397 3099 post
2437 3014 2602 3081 hanc
2632 3016 2845 3091 minor

304 3126 638 3210 quantitas
701 3129 800 3191 est
851 3126 1282 3205 semitonium,
1345 3126 1575 3190 deinde
1637 3129 1849 3207 tonus,
1912 3126 2021 3210 qui
2078 3123 2251 3188 valet
2309 3122 2435 3188 duo
2482 3123 2839 3188 semitonia.

297 3234 468 3299 Post
510 3232 681 3297 hunc
727 3233 1168 3315 semiditonus,
1233 3234 1343 3317 qui
1385 3233 1521 3297 tria
1557 3232 1902 3297 semitonia
1959 3233 2266 3315 continet,
2324 3236 2550 3296 tonum
2596 3232 2844 3296 scilicet

298 3364 454 3407 cum
501 3342 866 3423 semitoniO,
919 3346 986 3407 et
1029 3341 1121 3405 sic
1169 3340 1501 3423 deinceps:
1561 3341 1836 3423 ditonus,
1890 3340 2309 3422 diatessaron,
2359 3339 2654 3417 tritonu8,
2706 3339 2845 3403 dia—

297 3453 521 3533 pente,
587 3449 888 3533 diapente
935 3471 1080 3513 cum
1139 3448 1499 3530 semitoniO,
1560 3469 1723 3533 quae
1779 3469 2013 3533 graeco
2058 3448 2320 3512 nomine
2367 3445 2566 3512 hexas
2612 3448 2838 3528 minor,

301 3556 616 3641 quoniam
661 3578 774 3621 sex
817 3578 1048 3622 vocum
1079 3578 1282 3639 capax
1329 3560 1444 3639 est,
1495 3561 1560 3621 et
1603 3556 1772 3620 ultra
1805 3557 2105 3640 diapente
2136 3559 2390 3620 tantum
2420 3555 2621 3620 habet
2651 3557 2842 3619 semi-

295 3666 574 3731 tonium.
665 3664 990 3747 Diapente
1037 3686 1181 3728 cum
1225 3671 1383 3729 tono
1431 3662 1796 3748 appellatur
1840 3663 2039 3728 hexas
2084 3663 2291 3729 maior
2335 3663 2441 3727 vel
2486 3660 2844 3728 hexachor-

301 3774 490 3853 dum3
559 3771 759 3838 habet
821 3772 1020 3837 etiam
1081 3776 1306 3837 tonum
1365 3793 1558 3855 supra
1623 3772 1943 3856 diapente.
2050 3771 2158 3837 Sic
2216 3770 2447 3855 heptas
2494 3769 2717 3837 'minor
2780 3777 2843 3835 et

297 3883 513 3946 m'aior
569 3882 704 3945 sive
762 3879 1288 3963 heptachordum,
1353 3881 1503 3964 quia
1557 3885 1808 3963 septem
1864 3879 2245 3945 chordarum
2304 3881 2416 3943 aut
2467 3900 2696 3943 vocum
2745 3882 2843 3943 est

299 4012 524 4073 capax,
560 3988 860 4072 diapente
895 3992 994 4053 est
1025 4010 1168 4053 cum
1200 3988 1588 4053 semiditono
1622 3991 1686 4052 et
1718 3988 2018 4071 diapente
2052 4009 2195 4051 cum
2229 3986 2468 4051 diton0.
2518 3986 2839 4070 Diapente

299 4120 450 4162 cum
524 4096 952 4173 diatessaron,
1016 4117 1179 4179 quae
1238 4099 1312 4159 ut
1357 4096 1631 4160 diximus
1678 4094 1871 4159 simul
1913 4094 2171 4159 iuncta4
2214 4093 2462 4158 faciunt
2508 4093 2833 4178 diapason.

481 4308 498 4343 ¹
528 4322 565 4373 9
588 4304 636 4356 k.
948 4305 974 4341 ²
1012 4304 1104 4357 Sic
1139 4303 1319 4358 findet
1355 4302 1480 4357 sich
1518 4301 1758 4372 doppelt
1792 4301 1874 4356 im
1912 4302 2070 4355 Text.

475 4392 498 4430 3
534 4390 677 4443 Inst.
715 4388 862 4443 Mus.
897 4388 995 4456 IV,
1023 4390 1090 4441 14
1128 4390 1232 4455 (ed.
1271 4388 1630 4443 Friedlein
1664 4405 1718 4458 p.
1745 4388 1865 4457 337,
1894 4394 1990 4454 22).
2718 4436 2722 4440 .

474 4478 499 4514 4
531 4474 924 4530 Vorzuziehen
970 4480 1121 4529 ware
1160 4476 1251 4530 die
1287 4474 1609 4545 Konjektur
1643 4474 1877 4528 iunctae.
1957 4473 2062 4529 Die
2110 4472 2568 4543 Wiederholung
2612 4472 2839 4543 wenige

301 4562 498 4618 Zeilen
559 4564 757 4632 spater
813 4561 968 4631 zeigt
1027 4560 1192 4629 aber,
1254 4562 1366 4617 dass
1431 4562 1620 4615 &uncta
1675 4560 2069 4631 beabsichtigt
2128 4560 2229 4629 ist;
2276 4577 2359 4617 zu
2418 4564 2702 4629 erganzen
2762 4559 2841 4615 ist

301 4648 610 4703 intervalla.

407 4751 606 4793 B’eihesto
634 4752 710 4792 der
737 4750 854 4794 nm.
894 4754 950 4795 Π.
2390 4752 2423 4805 4
