3592 5509
1330 414 1805 477 -111—

290 591 483 652 dividi
540 593 749 667 solent,
804 593 917 652 nisi
973 591 1232 670 intelligi
1254 640 1263 649 .
1284 592 1545 652 voluerit
1597 593 1661 652 in
1716 593 2050 669 prolatione
2105 593 2388 671 perfecta,
2449 614 2600 670 quae
2657 596 2831 655 semi-

290 697 535 756 brevem
564 699 686 756 tres
708 697 771 755 in
792 696 1067 756 minimas
1086 695 1377 772 partitum
1408 699 1676 772 tuncque
1702 696 1902 756 sanius
1925 695 2166 756 dixisset
2181 697 2246 756 in
2268 697 2632 774 perfectione
2655 701 2832 760 semi-

291 802 585 861 brevium.
660 801 977 860 Praeterea
1020 818 1140 876 quo
1170 799 1301 858 iure
1344 800 1459 860 hoc
1504 801 1673 878 signo
1712 801 1755 856 Ε
1802 800 2010 860 notula
2041 819 2312 877 quaeque
2341 802 2692 878 syllabicata
2731 823 2828 864 sex

292 923 601 966 mensuras
644 904 955 981 obtinebit,
1002 923 1139 963 cum
1184 902 1377 962 omnis
1418 903 1653 982 integra
1692 922 1970 964 mensura
2011 905 2265 980 systoles
2319 906 2550 966 scilicet
2601 911 2664 967 et
2705 908 2830 967 dia-

290 1010 476 1069 stoles
516 1008 751 1068 duabus
793 1011 1029 1066 tantum
1072 1007 1331 1066 minimis
1376 1009 1655 1067 contenta
1696 1006 1777 1066 sit
1819 1009 1942 1068 sive
1983 1007 2046 1067 in
2090 1009 2300 1069 maiori
2338 1011 2670 1086 prolatione
2696 1058 2709 1070 .
2740 1058 2752 1071 .
2780 1057 2825 1089 .,

292 1114 419 1174 sive
462 1113 527 1171 in
570 1111 903 1189 prolatione
946 1110 1165 1170 minori
1195 1154 1209 1168 .
1244 1154 1261 1168 .
1296 1155 1311 1169 .
1358 1109 1591 1170 Rursus
1632 1129 1820 1187 pausa
1859 1111 2146 1188 temporis
2189 1113 2252 1170 in
2296 1113 2592 1191 principio
2634 1117 2830 1192 posita

290 1234 414 1275 non
466 1218 557 1274 est
598 1215 835 1292 signum
878 1214 1261 1290 perfectionis
1302 1215 1367 1272 in
1420 1219 1708 1292 tempore,
1762 1215 1866 1273 sed
1918 1218 2008 1274 est
2057 1214 2250 1292 figura
2303 1215 2714 1280 mensurabilis
2764 1221 2828 1282 in

287 1319 728 1394 taciturnitate3
774 1337 912 1377 nam
955 1317 1192 1396 signum
1233 1318 1519 1394 temporis
1562 1317 1814 1394 perfecti
1859 1322 1950 1378 est
1994 1320 2273 1394 circulus,
2319 1321 2654 1398 imperfecti
2684 1345 2826 1386 vero

289 1427 383 1483 est
424 1423 849 1483 semicirculus.

467 1525 617 1586 Oum
658 1526 865 1602 itaque
906 1524 1177 1600 procedis
1220 1524 1517 1584 diatonice
1544 1545 1581 1584 a
1608 1526 1804 1602 prima
1831 1526 2058 1602 syllaba
2085 1527 2160 1586 ad
2189 1528 2508 1588 secundam
2534 1529 2826 1592 intensive

290 1631 573 1691 videlicet
614 1651 651 1690 a
694 1635 759 1688 tu
802 1629 877 1688 ad
905 1629 969 1688 lu
998 1629 1145 1688 facis
1182 1629 1605 1689 semiditonum
1632 1629 1934 1689 intensum
1965 1633 2026 1690 et
2053 1650 2090 1690 a
2117 1630 2182 1688 lu
2209 1631 2284 1690 ad
2311 1650 2450 1691 men
2479 1653 2510 1692 e
2542 1652 2822 1695 converso

290 1735 629 1794 demissum.
677 1735 907 1793 Rursus
931 1753 966 1791 a
988 1737 1053 1790 tu
1075 1732 1150 1791 ad
1164 1731 1329 1808 splen
1351 1735 1441 1791 est
1462 1731 1827 1792 diatessaron
1849 1733 2078 1792 intensa
2100 1735 2161 1792 et
2181 1755 2216 1791 a
2236 1733 2402 1810 splen
2422 1735 2497 1794 ad
2517 1736 2625 1795 dor
2645 1741 2826 1798 tonus

288 1838 569 1898 remissus
600 1840 781 1914 atque
810 1857 847 1896 a
873 1836 979 1896 dor
1006 1835 1081 1894 ad
1099 1835 1297 1912 pam's
1326 1835 1441 1894 erit
1479 1836 1747 1896 intensus
1774 1838 1976 1896 tonus.
2019 1837 2154 1897 Hoc
2186 1837 2426 1914 quidem
2458 1839 2824 1902 diatonicum

290 1961 361 2001 ac
391 1942 661 2001 naturale
691 1959 879 2019 genus
908 1939 1231 2000 secundum
1276 1939 1559 2000 Boetium
1602 1943 1663 1998 et
1692 1938 2028 2000 Guidonem
2072 1959 2210 2000 sane
2238 1941 2600 2017 productum
2629 1949 2735 2005 est.

461 2045 689 2104 Verum
742 2044 1102 2104 chromatice
1158 2043 1471 2104 concinens
1524 2043 1796 2120 procedis
1850 2063 1884 2102 a
1927 2047 1994 2101 tu
2035 2043 2110 2102 ad
2153 2043 2218 2102 bu
2270 2045 2652 2123 incompositi
2693 2049 2825 2108 toni

288 2149 621 2209 intervallo.
672 2147 897 2218 Quodsi
938 2147 1003 2206 in
1044 2145 1107 2205 F
1124 2145 1291 2222 fa-ut
1340 2147 1495 2206 esset
1546 2147 1733 2206 altera
1774 2146 2018 2224 syllaba,
2063 2149 2243 2207 tonus
2285 2148 2412 2224 ipse
2458 2170 2493 2208 a
2537 2156 2600 2209 tu
2644 2153 2718 2210 ad
2761 2152 2825 2210 lu

288 2253 655 2329 compositus
697 2252 997 2311 diceretur
1038 2269 1108 2310 ac
1136 2249 1371 2309 duobus
1402 2249 1697 2310 distinctis
1725 2251 2054 2310 semitoniis
2083 2254 2436 2329 cantaretur,
2485 2257 2557 2313 ut
2585 2255 2823 2326 asseris;

288 2355 393 2414 sed
433 2356 548 2415 hoc
592 2355 835 2432 quidem
878 2355 1097 2414 falsum
1140 2355 1248 2413 est.
1323 2351 1475 2412 Nam
1516 2353 1581 2411 in
1625 2371 2006 2430 quocumque
2049 2354 2428 2414 tetrachordo
2461 2356 2822 2418 chromatico

288 2459 409 2519 duo
467 2459 741 2537 graviora
804 2457 1253 2517 semitoniorum
1308 2457 1499 2533 spatia
1548 2475 1668 2516 non
1722 2458 2026 2534 integrant
2076 2459 2313 2536 tonum,
2374 2462 2447 2518 ut
2507 2458 2820 2521 Severinus

286 2563 564 2640 disponit,
624 2561 787 2639 quod
842 2565 904 2621 et
957 2581 1065 2621 nos
1110 2561 1350 2638 quidem
1394 2561 1587 2638 primo
1630 2580 1699 2621 ac
1745 2560 2005 2620 secundo
2049 2565 2231 2638 atque
2277 2563 2528 2639 septimo
2573 2565 2820 2626 secundi

286 2666 361 2725 de
404 2666 711 2726 harmonia
752 2666 1018 2742 apertius
1061 2664 1534 2725 monstravimus,
1628 2663 1741 2723 Sed
1782 2683 1978 2740 neque
2024 2665 2430 2744 Aristoxenus,
2477 2667 2601 2728 sive
2647 2669 2821 2730 chro-

282 2771 572 2830 maticum
614 2770 812 2846 molle,
861 2769 985 2830 sive
1030 2769 1458 2830 chromaticum
1502 2769 1955 2846 sesqualterum,
2013 2787 2118 2828 seu
2163 2770 2342 2829 etiam
2387 2771 2818 2832 chromaticum

284 2875 591 2934 toniaeum
634 2873 962 2950 deduxeriS,
1010 2872 1129 2932 duo
1161 2873 1433 2950 graviora
1461 2873 1827 2932 tetrachordi
1853 2873 2044 2949 spatia
2069 2877 2214 2933 tono
2245 2876 2540 2951 aequavit.
2617 2877 2819 2936 Ptole-

283 2996 487 3036 maeus
510 2996 751 3054 quoque
774 2977 894 3036 duo
924 2978 1054 3052 ipsa
1082 2978 1273 3052 spatia
1300 2977 1577 3053 graviora
1607 2976 1954 3035 chromatici
1985 2977 2184 3036 mollis
2211 2980 2356 3036 tono
2386 2978 2564 3056 longe
2588 2980 2818 3038 minora

285 3082 617 3141 constituit.
692 3080 846 3140 Nam
890 3081 1318 3141 chromaticum
1360 3079 1808 3139 tetrachordum
1850 3080 2088 3137 nullum
2117 3081 2373 3140 sustinet
2399 3081 2530 3140 toni
2557 3083 2819 3157 praecise

282 3186 544 3263 spatium
588 3185 817 3245 duabus
859 3184 1125 3244 tribusve
1171 3182 1407 3244 chordis
1452 3182 1807 3242 examussim
1861 3182 2240 3259 productum.
2330 3182 2401 3242 Id
2452 3184 2612 3244 idem
2668 3185 2816 3245 dicis

283 3290 519 3349 evenire
550 3308 585 3348 a
614 3288 677 3346 lu
707 3288 781 3350 ad
819 3306 971 3364 mn,
1021 3287 1251 3347 scilicet
1292 3289 1503 3346 tonum
1545 3286 2010 3361 incompositum
2040 3287 2402 3364 depressum,
2453 3289 2614 3363 quod
2659 3289 2816 3348 idem

284 3396 375 3451 est
402 3392 833 3453 inconveniens.
882 3389 1150 3466 Namque
1182 3389 1319 3450 dato
1350 3409 1470 3449 uno
1500 3389 1941 3449 inconvenienti
1971 3391 2162 3449 multa
2191 3393 2542 3466 sequuntur.
2590 3391 2818 3450 Verum

282 3517 319 3554 a
362 3501 428 3554 tu
470 3495 544 3554 ad
587 3495 751 3571 splen
792 3495 947 3553 nulli
991 3493 1243 3554 dubium
1285 3498 1393 3570 est,
1441 3492 1586 3570 quin
1630 3492 1990 3553 diatessaron
2036 3494 2290 3569 intersit,
2336 3513 2476 3552 nam
2505 3514 2540 3553 a
2568 3495 2724 3553 linea
2752 3497 2816 3554 in

282 3599 545 3675 spatium
586 3599 891 3674 utrimque
935 3598 1033 3658 vel
1072 3599 1253 3656 tonus
1303 3597 1400 3657 vel
1456 3596 1836 3656 semitonium
1890 3615 1996 3672 per
2050 3597 2321 3656 notulam
2373 3599 2470 3657 vel
2529 3598 2816 3674 syllabam

282 3702 655 3781 describitur,
703 3701 1061 3761 discernitur
1104 3705 1164 3760 et
1210 3703 1497 3760 cantatur.
1574 3700 1653 3759 Et
1697 3720 1731 3758 a
1774 3700 1938 3776 splen
1975 3699 2049 3758 ad
2077 3699 2184 3759 dor
2211 3700 2316 3760 fiet
2343 3701 2818 3763 trihemitonium

280 3807 619 3866 demissum.
711 3804 937 3876 Quodsi
979 3805 1043 3863 in
1085 3805 1378 3864 anteriore
1432 3803 1662 3864 scilicet
1713 3804 2011 3864 diatonica
2063 3804 2358 3880 positione
2409 3805 2597 3865 fuerit
2636 3811 2816 3866 tonus

278 3910 561 3970 remissus
604 3929 639 3968 a
680 3909 847 3986 splen
889 3908 964 3967 ad
1007 3907 1130 3985 dor,
1194 3907 1492 3984 quomodo
1546 3908 2042 3967 transmutabitur
2095 3909 2355 3984 spatium
2406 3909 2535 3968 toni
2587 3909 2649 3968 in
2706 3911 2815 3968 tri-

278 4015 698 4090 hemitonium,
756 4013 872 4072 nisi
922 4011 1052 4088 ipsa
1107 4010 1333 4088 syllaba
1384 4010 1491 4069 dor
1542 4011 1640 4071 vel
1699 4011 1826 4071 eius
1879 4010 2091 4069 notula
2144 4011 2333 4070 fuerit
2386 4013 2697 4072 semitonio
2751 4015 2814 4072 in

278 4138 458 4197 grave
488 4111 801 4194 deposita?
876 4114 1029 4174 Nam
1056 4114 1378 4174 immobilis
1420 4131 1771 4190 permanens
1815 4114 2041 4172 nullam
2083 4115 2347 4190 praestat
2390 4115 2582 4191 spatio
2622 4116 2815 4176 varie-

276 4225 487 4299 tatem,
531 4224 605 4280 ut
650 4240 719 4280 ex
763 4219 1057 4278 annotatis
1099 4217 1268 4276 libris
1310 4216 1486 4276 facile
1530 4217 1880 4292 percipitur.
1974 4215 2154 4276 Secus
2199 4221 2403 4276 autem·
2450 4218 2513 4276 in
2570 4220 2813 4279 musicis

276 4324 707 4399 instrumentis,
754 4322 861 4381 ubi
905 4321 1139 4398 singula
1183 4319 1528 4378 diastemata
1569 4321 1737 4378 iuxta
1763 4320 1994 4395 proprii
2023 4321 2256 4397 generis
2285 4320 2536 4380 formam
2567 4321 2813 4381 chordas

277 4527 541 4594 Zeichen,
578 4524 795 4580 welche
834 4523 994 4578 eine
1029 4521 1357 4577 Perfection
1380 4521 1441 4575 in
1477 4521 1600 4575 sich
1636 4521 1953 4590 begreifen‚
1991 4521 2153 4576 scien
2189 4523 2329 4576 aber
2367 4523 2467 4576 der
2502 4522 2808 4578 Halbkreis

274 4614 398 4668 und
437 4614 538 4667 der
560 4611 754 4665 Punkt
776 4610 839 4663 in
864 4608 1210 4677 demselben‚
1246 4608 1500 4662 namlich
1542 4615 1618 4670 (ξ.
1666 4607 1800 4662 Und
1837 4607 2023 4664 dieses
2064 4607 2306 4663 Zeichen
2344 4608 2428 4662 sei
2451 4626 2564 4663 von
2590 4609 2804 4664 seinem

276 4698 493 4754 Lehrer
527 4695 935 4766 beabsichtigt.
