3592 5509
994 1213 1483 1317 Secunda
1551 1243 1797 1344 pars
1877 1211 2157 1314 idest
2231 1220 3108 1346 contrapunctuS.

1505 1451 2110 1524 TRACTATUS
2173 1451 2588 1525 PRIMUS.

1578 1662 2065 1744 capitulum
2118 1662 2518 1744 primum.

899 1866 991 1936 In
1045 1890 1194 1959 quo
1249 1866 1511 1938 notitia
1564 1889 1833 1938 vocum
1887 1867 2462 1938 consonantium
2517 1875 2591 1938 et
2646 1867 3194 1938 dissonantium

1877 2005 2203 2098 ponitur.

781 2169 1188 2304 TALITER
1231 2168 1561 2254 hucusque
1607 2170 1935 2254 prosecuti
1979 2170 2238 2253 fuimus,
2300 2175 2372 2235 ut
2416 2176 2669 2236 tantum
2715 2172 2793 2236 de
2847 2171 3116 2236 vocibus
3177 2193 3330 2236 suc-

916 2279 1159 2343 cessive
1206 2278 1475 2362 prolatis
1522 2278 1739 2362 aliqua
1781 2279 2213 2363 loqueremur.
2305 2279 2493 2344 Nunc
2540 2284 2782 2364 autem,
2843 2277 3006 2364 q‘uae
3059 2280 3329 2344 illarum

780 2384 941 2450 duae
974 2386 1166 2450 simul
1195 2386 1491 2470 pluresve
1522 2408 1865 2470 percussae
1898 2387 2033 2451 sive
2070 2390 2366 2452 cantatae
2412 2392 2770 2453 consonent
2813 2387 2919 2452 vel
2965 2387 3325 2470 dissonent,

778 2495 1062 2558 breviter
1129 2494 1499 2578 explicetur.
1618 2493 1914 2571 Qualiter
1979 2498 2196 2559 autem
2264 2494 2687 2560 consonantia
2747 2499 2860 2559 aut
2920 2495 3329 2561 dissonantia

780 2624 1000 2666 aurem
1042 2602 1446 2688 ingrediatur
1508 2607 1572 2667 et
1631 2607 1849 2666 utrum
1900 2624 2054 2666 vera
2112 2602 2197 2666 sit
2241 2601 2592 2668 Platonis
2654 2603 2873 2687 opinio
2933 2608 3045 2668 aut
3087 2604 3328 2670 Nico-

776 2709 1052 2794 machi,
1116 2711 1421 2794 quoniam
1476 2710 1875 2794 speculativa
1931 2714 2056 2792 est,
2125 2709 2195 2774 in
2252 2711 2532 2776 secundo
2589 2711 2758 2775 libro
2824 2711 3004 2776 iuxta
3069 2711 3326 2799 ingenii

774 2818 982 2882 nostri
1010 2818 1181 2883 vires
1214 2819 1540 2884 declarare
1588 2823 1654 2883 et
1699 2818 1976 2883 diffinire
2023 2818 2415 2885 conabimur.
2494 2818 2682 2884 Nunc
2728 2823 2962 2902 autem,
3013 2819 3326 2903 quoniam

774 2927 1095 3010 practicos
1139 2927 1454 3010 paulatim
1500 2927 1581 2991 ad
1637 2927 1996 2992 doctrinam
2054 2924 2220 2991 hanc
2280 2926 2607 2991 attrahere
2663 2948 3109 3010 procuramuS,
3167 2929 3325 2993 bre-

774 3033 942 3098 viter
988 3038 1053 3098 et
1098 3035 1282 3118 quasi
1325 3057 1442 3118 per
1497 3037 1759 3100 modum
1813 3034 2138 3101 corollarii
2195 3057 2296 3117 ea,
2355 3057 2519 3119 quae
2575 3035 2657 3098 ad
2707 3034 3058 3118 practicam
3117 3035 3326 3118 perti-

773 3148 949 3224 nent,
1000 3143 1408 3227 explicemus.

946 3250 1209 3316 Dictum
1257 3256 1355 3316 est
1397 3255 1608 3316 totum
1668 3273 1901 3334 corpus
1956 3251 2239 3316 musicae
2294 3271 2488 3314 unam
2549 3272 2690 3315 esse
2752 3250 3086 3333 diapason,
3152 3272 3324 3334 quae

774 3359 1041 3423 vocibus
1088 3363 1234 3424 octo
1282 3363 1551 3424 constat.
1648 3358 1720 3425 Si
1763 3360 1967 3445 igitur
2018 3359 2136 3424 has
2193 3363 2339 3423 octo
2393 3379 2585 3422 voces
2642 3357 2916 3422 invicem
2974 3357 3324 3422 referendo

777 3466 1203 3550 declaremus,
1264 3466 1596 3532 sufficiet1.
1705 3468 1833 3532 Per
1885 3467 2146 3540 modum
2213 3467 2415 3552 igitur
2490 3465 2819 3531 doctrinae
2885 3465 3049 3529 scias
3124 3487 3322 3530 voces

775 3575 1077 3660 aequales
1107 3576 1517 3658 concordare,
1564 3575 1736 3640 idest
1778 3577 2140 3640 unisonum.
2221 3575 2519 3640 Secunda
2565 3572 2854 3639 dissonat
2898 3596 3043 3639 cum
3088 3574 3319 3657 prima,

774 3683 969 3747 tertia
1014 3687 1328 3748 consonat
1370 3683 1637 3766 primae,
1688 3687 1919 3766 quarta
1963 3681 2102 3747 sola
2147 3705 2292 3747 cum
2335 3682 2547 3766 prima
2602 3682 2942 3746 discordat.
3038 3679 3324 3745 Concor-

776 3792 886 3856 dat
916 3795 1133 3855 autem
1166 3791 1391 3874 quinta
1424 3796 1489 3856 et
1524 3796 1724 3874 sexta,
1772 3793 2051 3875 septima
2098 3791 2438 3875 discrepat,
2487 3789 2868 3875 aequisonat
2910 3811 3028 3873 per
3071 3789 3321 3872 optime

773 3903 1018 3963 octava.
1147 3898 1703 3976 Quemadmodum
1774 3900 1978 3985 igitur
2043 3899 2315 3964 fecimus
2386 3899 2466 3963 ad
2532 3899 2807 3982 primam
2871 3917 3094 3962 omnes
3157 3896 3321 3960 alias

773 4007 1145 4090 referendo,
1194 4007 1286 4072 sic
1332 4009 1414 4072 ad
1458 4008 1807 4073 secundam
1857 4012 1923 4072 et
1966 4009 2227 4074 tertiam
2274 4012 2339 4072 et
2385 4007 2480 4071 ad'
2510 4007 2811 4090 reliquaS,
2867 4006 2962 4070 ita
3006 4010 3080 4069 ut
3123 4003 3321 4070 tertia

773 4115 1063 4180 dissonet
1108 4137 1253 4180 cum
1299 4117 1609 4198 secunda,
1660 4121 1890 4200 quarta
1932 4137 2085 4180 vero
2134 4119 2472 4194 consonet3
2524 4119 2588 4179 et
2632 4115 2726 4179 ita
2772 4115 2850 4178 de
2906 4112 3139 4178 ceteris
3192 4110 3318 4174 hoc

769 4224 963 4290 modo
1008 4228 1187 4288 ratus
1235 4225 1390 4289 ordo
1437 4224 1844 4288 monstrabit.

941 4331 1033 4398 Ut
1078 4337 1295 4397 autem
1339 4333 1767 4398 inconsonum
1814 4331 2091 4396 sciamus
2141 4331 2400 4413 evitare,
2453 4351 2806 4396 consonum
2851 4350 3004 4392 vero
3055 4326 3315 4412 eligere,

773 4441 1056 4505 dicemus
1105 4423 1551 4524 discrepantes·
1587 4461 1777 4504 voces
1828 4461 1967 4504 esse
2013 4443 2163 4522 tres,
2223 4439 2530 4504 videlicet
2574 4437 2939 4518 secundam,
2999 4438 3316 4519 quartam,

946 4679 963 4714 ¹
1000 4675 1129 4745 Vgl.
1168 4674 1406 4730 Pietro
1444 4675 1653 4743 Aron,
1691 4673 1992 4728 Ducidario
2028 4674 2136 4742 111,
2177 4673 2273 4729 fol.
2303 4671 2370 4726 18
2390 4690 2438 4726 v.
