3592 5509
1687 391 1770 401 -—
1865 351 2160 416 104-

829 527 959 592 Sed
1004 527 1113 612 qui
1152 549 1372 592 veram
1419 530 1485 591 et
1528 524 1905 610 perfacilem
1949 523 2138 588 huius
2168 522 2560 608 ‚disciplinae
2591 523 2763 588 viam
2807 525 2947 591 sine
2993 523 3187 613 argu-

654 640 1017 700 mentorum
1072 634 1484 717 obscuritate,
1545 633 1684 699 sine
1737 633 2196 717 probationum
2237 631 2910 718 improbationumque
2971 634 3187 720 longis

658 743 1041 829 ambagibus
1093 743 1423 827 percipere
1483 741 1834 825 desiderat,
1901 741 2194 807 libellum
2261 745 2554 805 nostrum
2618 741 2922 824 musices,
2996 765 3186 827 quem

598 838 603 844 ¹
654 851 1206 915 Into-odzwtorium
1246 871 1361 916 seu
1390 850 1760 934 Isayoyieon
1781 855 1802 893 1
1845 847 2328 933 appellavimuS,
2359 848 2660 932 inquirat.
2737 848 2880 914 Illic
2911 850 3185 933 abunde,

654 957 940 1022 breviter
1008 962 1072 1022 et
1150 958 1427 1023 dilucide
1499 957 1596 1022 rei
1667 980 1985 1022 summam
2052 956 2362 1042 invenies,
2484 956 2570 1021 Et
2636 979 2780 1022 cum
2848 981 2951 1042 ea,
3021 982 3186 1044 quae

650 1065 786 1130 illic
831 1065 1100 1148 videbis,
1154 1066 1408 1130 firmare
1453 1065 1813 1130 rationibus
1862 1069 1926 1130 et
1971 1064 2163 1130 altius
2207 1064 2446 1130 intueri
2489 1065 2687 1148 voleS,
2737 1066 2826 1138 ad,
2863 1088 3023 1151 opus
3061 1067 3186 1133 hoc

653 1173 1026 1257 reverteris,
1086 1174 1257 1258 quod
1312 1178 1411 1238 est
1455 1173 1639 1257 quasi
1697 1196 1810 1238 arx
1861 1172 2038 1237 illius
2097 1195 2170 1238 ac
2221 1173 2792 1258 propugnaculum.
2905 1174 3003 1239 Ex
3056 1175 3184 1241 isto

654 1282 734 1345 ad
804 1265 1256 1347 declarandum
1320 1280 1920 1365 defendendamque
1984 1280 2148 1345 illud
2224 1285 2586 1364 opportuna
2649 1281 2934 1370 deligere
3000 1289 3188 1367 potes

651 1389 1080 1455 instrumenta
1142 1390 1224 1455 ab
1286 1389 1425 1455 aliis
1481 1389 1683 1476 igitur
1742 1389 2108 1474 excogitata
2169 1393 2236 1454 et
2292 1389 2607 1473 quaedam
2661 1412 2779 1473 per
2832 1413 2936 1455 me
2981 1415 3188 1476 nuper

654 1495 919 1562 inventa
987 1503 1272 1564 scrutare
1345 1497 1708 1584 diligenter.
1831 1496 1981 1562 Non
2051 1519 2280 1580 parum
2357 1496 2528 1560 enim
2588 1497 2660 1561 in
2725 1497 2828 1562 his
2891 1497 3186 1585 legendis

653 1606 951 1671 utilitatis
1010 1607 1487 1691 voluptatisque
1540 1610 1961 1690 percepturus
2026 1627 2094 1670 es
2156 1608 2221 1669 et
2273 1603 2627 1669 immortali
2685 1605 2805 1670 deo
2869 1607 3186 1672 bonorum

654 1715 939 1779 omnium
999 1715 1322 1800 largitori,
1358 1748 1362 1753 ·
1396 1714 1504 1799 qui
1571 1706 1793 1778 omnes
1851 1712 2156 1777 liberales
2214 1716 2385 1777 artes
2448 1713 2529 1777 ad
2584 1712 2918 1778 hominum
2973 1714 3187 1798 perfe-

654 1822 934 1887 ctionem
980 1823 1613 1907 delectationemque,
1635 1821 1939 1902 condidit,
1989 1824 2061 1884 ut
2097 1819 2406 1904 praedixi,
2453 1819 2696 1905 gratias
2730 1842 2902 1906 ages,
2953 1822 3056 1886 cui
3089 1827 3188 1887 est

654 1929 864 2014 gloria
906 1952 1023 2014 per
1066 1930 1319 1996 infinita
1364 1930 1726 1995 seculorum
1772 1929 2006 2011 secula,
2071 1950 2277 1992 amen.
2383 1927 2683 2012 (Explicit
2739 1929 2984 1994 musica
3041 1952 3189 2013 pra-

655 2037 821 2102 ctica
872 2038 1353 2103 Bartolomei
1405 2037 1621 2102 Rami
1677 2038 1767 2102 de
1822 2035 2100 2101 Pareia
2142 2035 2416 2119 Hispani
2463 2059 2542 2100 ex
2584 2036 2810 2102 Betica
2852 2038 3186 2121 provincia

656 2150 722 2208 et
778 2144 1038 2210 civitate
1093 2147 1342 2211 Baecza
1398 2145 1651 2212 Gienna
1709 2143 1989 2210 dioecesi
2052 2144 2156 2208 vel
2215 2144 2583 2229 suffragana
2639 2144 2923 2228 oriundi,
2979 2145 3187 2211 almae

655 2252 831 2317 urbis
883 2254 1246 2339 Bononiae,
1307 2254 1457 2319 dum
1514 2275 1656 2318 eam
1709 2253 1954 2318 ibidem
2007 2251 2265 2336 publice
2320 2251 2586 2338 legeret,
2648 2253 2964 2336 impressa
3021 2249 3188 2319 anno

654 2361 920 2426 Domini
984 2361 1332 2427 millesimo
1400 2360 2035 2447 quadringentesimo
2105 2357 2540 2444 octogesimo2
2609 2360 2890 2426 secundo
2959 2365 3188 2445 quarto

652 2469 796 2534 idus
840 2469 1035 2552 Maii.)
1054 2475 1078 2515 3

826 2576 1110 2661 Explicit
1152 2565 1431 2643 feliciter
1474 2577 1683 2661 prima
1724 2599 1875 2660 pars
1919 2575 2204 2640 musicae
2252 2575 2499 2661 egregii
2558 2579 2623 2641 et
2676 2574 2910 2642 famosi
2961 2576 3189 2642 musici

655 2687 707 2749 B
722 2685 894 2750 arth
906 2685 1103 2751 olom
1116 2686 1184 2751 ei
1206 2687 1259 2750 P
1272 2708 1396 2751 are
1410 2709 1447 2750 a
1468 2684 1760 2769 Hispani,
1782 2683 1934 2748 dum
1955 2683 2214 2767 publice
2238 2683 2550 2748 musicam
2564 2684 2896 2748 Bononiae
2920 2683 3186 2769 legeret,

656 2795 724 2858 in
771 2815 897 2878 qua
941 2798 1081 2859 tota
1125 2794 1409 2878 practica
1454 2797 1789 2858 cantorum
1830 2794 2279 2876 pertractatur,
2325 2790 2641 2874 impressa
2678 2812 2831 2856 vero
2878 2811 3072 2874 opere
3126 2797 3192 2856 et

654 2901 973 2967 industria
1030 2923 1104 2966 ac
1151 2902 1447 2985 expensis
1491 2899 1788 2986 magistri
1834 2898 2188 2963 Baltasaris
2234 2898 2312 2962 de
2354 2898 2681 2963 Hiriberia
2726 2919 2894 2962 anno
2943 2897 3188 2963 domini

658 3009 839 3073 1482·
872 2990 975 3073 die
1021 3007 1104 3072 50
1146 3007 1383 3074 Junii4.

833 3188 852 3223 1
888 3184 976 3254 Sp
992 3187 1200 3239 ataro
1248 3183 1443 3238 citiert
1485 3183 1548 3236 in
1594 3183 1786 3237 seiner
1819 3182 2078 3250 Defensio
2113 3182 2180 3235 in
2217 3181 2442 3236 Nicolai
2473 3181 2666 3236 Burtii
2696 3183 3022 3238 Parmensis
3056 3202 3188 3254 opw-

654 3271 869 3325 seulwm
905 3271 1103 3340 obiges
1132 3270 1309 3325 Werk
1344 3269 1431 3324 als
1456 3269 1879 3339 inseynaqonieo
1903 3287 1934 3322 ο
1957 3268 2348 3323 introductoria
2373 3267 2492 3323 und
2517 3268 2706 3324 bietet
2727 3285 2828 3323 aus
2857 3269 3191 3325 demselben

656 3357 787 3412 eine
825 3358 1001 3428 Figur
1038 3357 1154 3425 dar,
1192 3357 1409 3411 welche
1448 3373 1522 3413 an
1561 3356 1673 3411 den
1707 3355 1742 3410 8
1768 3355 1968 3410 Silben
1995 3353 2088 3409 die
2117 3354 2320 3420 Quart·
2346 3354 2466 3408 und
2492 3354 3032 3426 Quint-Gattungen
3063 3374 3189 3410 zum

656 3443 959 3499 Ausdruck
994 3443 1207 3513 bringt.
1899 3443 1922 3480 2
1959 3442 2010 3494 A
2033 3441 2104 3495 80
2139 3441 2653 3511 quatrigentesimo
2692 3442 3098 3512 octuagesimo,

830 3532 853 3570 3
888 3529 993 3584 Die
1030 3529 1093 3583 in
1127 3528 1458 3583 Klammern
1485 3529 1935 3600 geschlossenen
1960 3527 2161 3582 Worte
2187 3526 2387 3582 bilden
2414 3528 2526 3581 den
2552 3526 2768 3600 Schluss
2790 3544 2903 3582 von
2927 3529 2978 3581 A
2995 3528 3083 3595 80;
3125 3545 3186 3582 es

657 3617 854 3686 folgen
870 3615 973 3669 die
1000 3613 1397 3670 Schlussworte
1423 3616 1523 3670 des
1550 3614 1890 3670 definitiven
1907 3613 2164 3669 Druckes
2185 3614 2252 3680 (A
2269 3613 2354 3678 81)
2379 3612 2489 3667 mit
2507 3614 2748 3683 Angabe
2770 3614 2869 3668 des
2887 3613 3188 3669 Druckers.

782 3748 786 3752 .
828 3704 853 3740 4
888 3700 1077 3756 Daran
1115 3700 1367 3755 schliesst
1401 3700 1523 3756 sich
1550 3702 1651 3756 das
1676 3701 2013 3770 Reyistrum3
2055 3699 2148 3755 die
2185 3700 2246 3754 in
2273 3699 2604 3755 Klammern
2627 3700 2950 3756 stehenden
2977 3700 3190 3756 Zahlen

659 3789 789 3843 sind
808 3805 921 3844 von
941 3787 1052 3841 mir
1067 3787 1467 3858 hinzugesetzt
1485 3788 1605 3843 und
1626 3789 1842 3842 deuten
1861 3787 1966 3841 auf
1985 3786 2077 3841 die
2105 3785 2304 3842 Seiten
2329 3787 2428 3842 des
2456 3785 2946 3858 Originaldrucks,
2971 3787 3188 3843 welche

655 3875 763 3929 mit
812 3877 923 3931 den
969 3874 1369 3930 betreffenden
1407 3865 1676 3929 Wortern
1723 3874 2034 3944 beginnen.
2114 3871 2228 3929 Das
2277 3876 2429 3929 erste
2466 3872 2620 3928 leere
2663 3873 2825 3928 Blatt
2870 3872 2949 3928 ist
2995 3873 3058 3928 in
3096 3873 3187 3928 die

656 3963 916 4032 Zahlung
950 3960 1115 4016 nicht
1147 3961 1542 4031 einbegriffen.

1718 4031 1768 4084 R
1779 4048 1810 4086 e
1822 4030 1926 4101 gis
1939 4033 2049 4084 tru
2060 4047 2131 4083 m.

828 4116 1083 4170 Primum
1116 4118 1309 4184 vacat;
1348 4117 1539 4171 Boetii
1574 4116 1823 4172 musices
1863 4117 1952 4183 (123
1990 4115 2183 4170 Finito
2222 4116 2311 4182 (3);
2361 4116 2564 4170 Manus
2605 4116 2726 4182 (11);
2775 4114 3025 4185 Rogerio
3062 4116 3189 4182 (13);

657 4204 1004 4273 gravitatem
1039 4204 1163 4271 (15);
1214 4206 1275 4259 et
1311 4203 1541 4272 quando
1578 4203 1698 4270 (23);
1752 4206 1856 4258 est.
1901 4203 2036 4271 Ipse
2075 4202 2197 4269 (25);
2249 4201 2598 4257 mutationes
2637 4202 2760 4269 (27);
2808 4202 3027 4256 habent
3064 4202 3187 4269 (29);

657 4290 1046 4358 quantitatem
1072 4290 1194 4357 (39);
1241 4292 1518 4359 paranete
1548 4289 1668 4356 (41);
1715 4289 1901 4359 figura
1927 4288 2050 4355 (47);
2103 4287 2368 4343 Secunda
2402 4306 2534 4359 pars
2564 4290 2688 4355 (51);
2739 4287 3031 4342 volumine
3060 4288 3184 4355 (53);

656 4381 854 4431 tenore
883 4377 1004 4442 (55);
1043 4375 1239 4430 Tertia
1272 4393 1405 4446 pars
1433 4375 1556 4441 (63);
1596 4378 1685 4430 est
1720 4366 2058 4430 semibrevis
2087 4375 2208 4441 (65);
2254 4379 2504 4445 ponatur
2529 4374 2653 4441 (67);
2701 4373 3035 4443 Capitulum
3061 4374 3186 4442 (75);

656 4463 933 4518 maximus
959 4463 1082 4530 (77);
1122 4462 1443 4532 repperisse
1472 4461 1583 4530 (83).
