3592 5509
1797 452 1886 461 -.
1985 413 2069 477 54
2157 453 2242 462 ,-

767 587 854 647 ta.
945 583 1218 666 Propter
1261 582 1447 649 hanc·
1479 584 1682 670 igitur
1727 585 2156 651 differentiam
2205 587 2528 652 coniuncti
2574 587 2821 653 scilicet
2875 594 2940 654 et
2997 589 3308 655 disiuncti

771 691 1029 755 additur
1072 691 1321 774 species
1368 692 1678 776 diapason
1724 699 1968 760 octava.
2048 693 2386 772 Quomodo
2433 700 2648 762 autem
2697 720 2774 761 ex
2817 696 2922 762 his
2959 699 3310 782 speciebus

767 798 943 863 modi
990 797 1125 864 sive
1171 800 1311 864 toni
1356 802 1755 884 proveniant,
1804 824 1973 866 nunc
2019 803 2424 868 disseremus.

1507 1102 1994 1184 capitulum
2058 1103 2553 1173 secundum.

1584 1271 1700 1344 De
1757 1273 2041 1368 origine
2097 1281 2465 1346 tonorum.
2493 1351 2498 1356 ,

632 1433 637 1436 ’
768 1437 921 1570 EX
989 1438 1301 1521 diapason
1365 1438 1567 1524 igitur
1622 1440 2126 1524 [consonantiae]
2191 1441 2555 1524 speciebus,
2634 1446 2707 1505 ut
2767 1442 2859 1506 ait
2918 1444 3241 1508 Boetius
3267 1449 3310 1526 1,

904 1545 1188 1610 existunt
1234 1545 1343 1630 qui
1401 1545 1810 1630 appellantur
1865 1547 2066 1630 modi,
2130 1569 2290 1632 quos
2353 1549 2613 1614 eosdem
2671 1553 2895 1634 tropos
2948 1552 3053 1615 vel
3110 1557 3315 1617 tonos

766 1653 1123 1718 nominant.
1204 1653 1371 1718 Sunt
1418 1653 1589 1717 enim
1634 1654 1808 1738 tropi
1853 1656 2348 1720 constitutiones
2392 1657 2461 1721 in
2505 1657 2662 1723 totis
2693 1680 2924 1734 vocum
2970 1660 3314 1726 ordinibus

767 1761 873 1825 vel
903 1762 1225 1847 gravitate
1270 1761 1377 1826 vel
1422 1761 1715 1826 acumine
1749 1761 2138 1827 differentes,
2219 1764 2613 1830 Constitutio
2644 1788 2798 1831 vero
2848 1771 2946 1832 est
2997 1767 3314 1852 [plenum]

764 1869 967 1932 veluti
1026 1868 1487 1935 modulationis
1544 1891 1773 1954 corpus
1834 1893 1914 1935 ex
1959 1872 2526 1936 consonantiarum
2583 1873 3036 1940 coniunctione
3092 1875 3313 1940 consi-

768 1980 965 2042 stens.
1043 1977 1350 2061 Appellat
1382 1978 1555 2042 enim
1585 1978 1902 2043 Boetius
1944 1977 2064 2043 hos
2095 1981 2321 2044 modos
2356 1981 2616 2045 nomine
2647 1983 2910 2066 proprio
2943 1982 3310 2048 distinctos

766 2085 955 2150 Unde
987 2084 1144 2150 dicit
1186 2087 1395 2168 ipse22
1440 2107 1567 2169 quo
1602 2086 1771 2150 enim
1817 2108 2238 2172 unaquaeque
2271 2110 2432 2174 gens
2476 2090 2736 2174 gaudet,
2786 2091 3013 2155 eodem
3041 2093 3314 2156 nomine

767 2197 1173 2277 nuncupatus
1221 2197 1335 2273 est,
1382 2197 1457 2257 ut
1504 2193 1739 2277 dorius,
1789 2195 1940 2278 quia
1983 2195 2207 2260 Dorici
2256 2218 2330 2262 eo
2377 2198 2766 2282 gaudebant,
2817 2199 2910 2262 sic
2941 2198 3314 2282 appellatus

770 2305 868 2366 est
914 2306 980 2365 et
1026 2323 1103 2365 ex
1140 2302 1349 2384 prima
1394 2302 1608 2385 specie
1657 2302 1959 2386 diapente
2008 2307 2073 2367 et
2097 2304 2312 2387 prima
2357 2305 2570 2388 specie
2604 2307 3004 2371 diatessaron
3047 2307 3318 2371 intensa

768 2431 963 2493 supra
1008 2408 1309 2492 diapente
1357 2413 1629 2493 constat,
1680 2410 1929 2475 scilicet
1971 2413 2017 2474 d
2042 2413 2084 2474 h
2118 2416 2182 2476 et
2211 2414 2253 2475 h
2283 2414 2320 2494 Z,
2371 2435 2562 2496 quam
2609 2414 2920 2498 diapason
2963 2415 3033 2478 in
3075 2420 3314 2500 quarto

766 2516 912 2582 loco
956 2516 1237 2581 locatam
1283 2517 1559 2582 diximus
1621 2540 1779 2582 esse.
1877 2517 2039 2583 Cum
2095 2524 2311 2584 autem
2368 2519 2529 2586 haec
2583 2522 2886 2605 diapente
2932 2521 3131 2587 habet
3186 2524 3314 2587 sub

769 2646 837 2688 se
886 2625 1287 2689 diatessaron
1329 2625 1629 2710 remissa,
1678 2627 1848 2690 idest
1891 2627 1937 2690 d
1963 2649 2020 2708 a,
2072 2627 2437 2710 appellatur
2491 2627 2912 2712 hypodorius,
2981 2629 3130 2714 quia
3185 2631 3315 2694 sub

768 2732 951 2798 dorio
985 2731 1337 2798 collocatus
1386 2737 1500 2797 est.
1580 2733 1945 2798 Secundam
1975 2757 2129 2799 vero
2176 2737 2457 2820 speciem
2491 2737 2793 2820 diapente
2836 2759 2981 2802 cum
3025 2740 3318 2804 secunda

768 2841 1170 2906 diatessaron
1198 2842 1455 2906 intensa
1497 2847 1571 2906 ut
1615 2863 1647 2906 e
1679 2831 1714 2922 h}
1758 2835 1790 2920 ἢ
1827 2864 1912 2925 m,
1965 2843 2250 2928 appellat
2293 2843 2656 2930 phrygium,
2706 2847 2857 2930 quia
2903 2846 3072 2930 apud
3101 2846 3318 2930 Phry-

767 2947 909 3033 gios
958 2953 1097 3012 erat
1140 2949 1209 3013 in
1254 2971 1392 3014 usu.
1471 2949 1587 3014 Sin
1631 2971 1785 3022 vero
1833 2951 2112 3016 secunda
2157 2953 2405 3035 species
2446 2952 2746 3036 diapente
2793 2953 3140 3030 secundam
3185 2955 3315 3018 sub

768 3069 836 3119 se
904 3056 1198 3120 remittat
1261 3056 1693 3140 diatessaron,
1762 3056 2250 3144 hypophrygius
2304 3060 2548 3124 ‘dicitur
2603 3061 2686 3126 ab
2746 3062 2889 3144 ipso
2945 3066 3018 3126 ut
3071 3084 3102 3126 e
3139 3054 3171 3140 h
3211 3084 3246 3126 e
3277 3063 3316 3124 b

769 3163 1168 3228 diatessaron
1213 3166 1499 3229 remissa.
1588 3165 1878 3230 Tertiam
1922 3188 2075 3231 vero
2123 3167 2424 3250 diapente
2472 3190 2617 3232 cum
2662 3170 2858 3244 tertia
2904 3169 3315 3234 diatessaron

765 3271 1024 3336 intensa
1070 3272 1358 3356 appellat
1401 3272 1665 3358 lydium,
1716 3275 1889 3358 quod
1931 3275 2000 3338 in
2045 3275 2267 3358 Lydia,
2316 3275 2485 3340 unde
2511 3276 2727 3351 ‚Tusci
2784 3275 3050 3341 trahunt
3109 3278 3314 3362 origi-
3437 3270 3446 3278 ’

768 3401 936 3461 nem,
997 3379 1230 3444 maiori
1286 3402 1432 3444 oum
1489 3382 1727 3467 gaudio
1786 3380 2323 3466 frequentabatur
2374 3387 2446 3447 ut
2488 3384 2532 3467 f
2549 3385 2588 3447 k
2633 3384 2954 3467 diapente,
3013 3386 3052 3448 lc
3079 3406 3130 3448 n
3173 3385 3317 3448 dia-

769 3491 1066 3553 tessaron
1096 3488 1369 3553 intensa.
1464 3488 1652 3566 Quod
1696 3489 1752 3553 si
1801 3491 2201 3554 diatessaron
2245 3513 2376 3556 non
2417 3513 2610 3574 supra
2653 3492 2768 3555 sed
2795 3491 2965 3556 infra
3001 3493 3311 3573 tenuerit,

768 3592 1157 3678 hypolydius
1208 3596 1650 3661 nominabitur
1693 3597 1946 3662 ratione
1990 3598 2322 3682 praedicta
2373 3603 2447 3662 ut
2487 3600 2531 3683 f
2549 3601 2588 3662 Ic
2633 3599 2960 3683 diapente,
3018 3601 3065 3683 f
3082 3621 3115 3664 e
3168 3600 3314 3664 dia-

674 3739 693 3759 »
768 3702 1135 3774 tessaron*‚
1230 3702 1474 3780 Quarta
1535 3725 1688 3769 vero
1762 3705 2064 3789 diapente
2123 3699 2370 3790 species
2431 3728 2575 3770 oum
2632 3706 2842 3790 prima
2906 3707 3314 3772 diatessaron

772 3810 1031 3881 intensa
1050 3815 1239 3874 caret
1268 3811 1529 3891 nomine
1560 3814 1842 3896 propriu.
1922 3812 2052 3878 Sed
2099 3814 2248 3897 quia
2291 3813 2470 3878 iuxta
2514 3813 2757 3898 lydium
2803 3815 3137 3898 proposita
3183 3820 3312 3897 est,

769 3917 1158 4001 mixolydius
1222 3921 1321 3982 est
1365 3918 1725 4002 appellatus
1770 3925 1844 3984 ut
1891 3943 1934 4004 y
1973 3923 1996 3984 l
2040 3921 2340 4004 diapente
2393 3923 2674 4003 intensa,
2745 3924 2769 3987 l
2803 3943 2840 3986 o
2908 3923 3314 3988 diatessaron

764 4022 1037 4090 intensa.
1134 4024 1321 4102 Quod
1376 4027 1430 4090 si
1487 4027 1888 4092 diatessaron
1931 4050 2125 4112 supra
2183 4050 2252 4094 se
2309 4051 2442 4094 non
2486 4030 2856 4112 intenderit,
2915 4031 3027 4094 sed
3072 4031 3191 4095 sub
3242 4053 3310 4094 se

766 4129 1089 4193 remiserit
1133 4128 1726 4232 hypermixolydius
1775 4137 1874 4196 est
1916 4137 2320 4220 nuncupatus
2366 4136 2439 4196 ut
2480 4135 2575 4217 ql
2618 4133 2934 4217 diapente,
2977 4154 3021 4217 9
3049 4134 3129 4198 d³
3175 4133 3314 4198 dia-

659 4292 661 4294 ,
764 4241 1059 4301 tessaron
1101 4239 1389 4302 remissa.

946 4448 963 4483 ¹
1000 4445 1142 4499 Inst.
1184 4445 1330 4500 Mus.
1368 4446 1467 4514 IV,
1492 4447 1561 4500 15
1599 4447 1705 4512 (ed.
1742 4444 2049 4516 Friedlein,
2087 4467 2142 4518 p.
2169 4445 2373 4515 341,19
2396 4449 2486 4514 ff).
2767 4492 2772 4500 .

937 4525 961 4568 2
998 4531 1139 4586 Inst.
1180 4531 1326 4587 Mus.
1364 4534 1463 4600 1,1
1503 4533 1607 4600 (ed.
1645 4533 1954 4602 Friedlein,
1991 4554 2045 4605 p.
2073 4535 2273 4602 180,17
2296 4534 2387 4600 ff).
2550 4547 2558 4559 ’
2662 4575 2668 4583 ,-
2721 4539 2746 4576 3
2776 4552 2814 4605 y
2837 4553 2880 4590 ο.

937 4617 985 4652 *’
1005 4617 1255 4673 Facilius
1324 4619 1774 4675 introducuntur
1839 4621 1915 4675 ad
1978 4621 2128 4676 hanc
2192 4621 2584 4691 cognitionem
2637 4622 2874 4676 iuvenes
2934 4621 3310 4678 institutione

767 4701 1046 4758 Gnidonis
1084 4722 1257 4773 quam
1295 4704 1433 4760 solis
1472 4707 1773 4776 alphabeti
1807 4706 2021 4762 litteris
2059 4707 2142 4763 ibi
2181 4707 2494 4777 dispositis.
