3592 5509
1655 0 1722 10 --n
1759 0 1785 9 1-
1836 0 2167 10 ffi--ab

1432 382 1862 501 ..39-

542 609 710 675 Aliis
758 613 974 674 autem
1020 608 1229 673 adhuc
1276 608 1481 694 signis
1512 607 1872 692 perfectum
1916 610 2338 675 discernimus
2386 611 2468 675 ab
2496 609 2910 694 imperfecto;

367 722 599 802 utputa
630 718 687 782 si
718 717 982 783 notulae
1012 719 1239 803 nigrae
1270 717 1445 782 inter
1476 717 1655 782 albas
1686 717 1755 782 in
1788 717 2005 802 aliquo
2039 722 2234 782 cantu
2264 718 2402 782 sine
2425 719 2741 783 societate
2765 740 2916 802 pro·

366 828 611 911 pinqua
640 827 1068 910 reperiantur,
1100 826 1359 911 signum
1386 829 1502 907 est,
1540 826 1711 908 quod
1740 825 2003 910 ponitur
2029 825 2237 911 nigra,
2271 829 2345 889 ut
2374 825 2637 890 tertiam
2662 831 2912 910 partem

371 935 645 999 amittat.
693 933 845 998 Non
870 955 1025 1019 ergo
1048 933 1313 998 tertiam
1339 937 1593 1017 partem
1622 931 1914 1015 haberet,
1939 931 2068 999 nisi
2097 936 2231 998 tres
2255 933 2519 998 valeret.
2567 933 2742 1019 Ergo
2767 955 2916 998 cum

367 1042 627 1108 notulas
649 1041 1009 1126 reperimus
1038 1040 1260 1127 nigras
1291 1040 1431 1104 sine
1465 1040 1778 1106 societate
1810 1041 2189 1125 propinqua,
2222 1041 2483 1106 illarum
2507 1041 2789 1125 speciem
2821 1041 2916 1104 di-

369 1150 573 1214 cimus
598 1170 738 1214 esse
758 1147 1132 1233 perfectam.
1166 1147 1489 1214 Notanter
1504 1151 1725 1214 tamen
1745 1148 1886 1212 sine
1905 1148 2222 1214 societate
2238 1148 2509 1214 dicimus
2532 1150 2912 1234 propinqua,

370 1262 513 1340 (pag.
551 1260 635 1340 72)
686 1257 1017 1340 quoniam,
1081 1257 1137 1320 si
1184 1256 1439 1340 aliquae
1485 1256 1712 1342 nigrae
1773 1278 1916 1320 eam
1971 1261 2347 1340 sequantur,
2409 1257 2502 1320 ita
2559 1256 2730 1340 quod
2780 1261 2914 1320 tres

366 1386 487 1448 pro
534 1365 781 1430 duabus
825 1368 1175 1449 ponantur,
1230 1385 1360 1429 non
1407 1363 1577 1428 clare
1633 1363 2072 1451 distinguitur.
2165 1363 2458 1449 Namque
2519 1368 2738 1447 potest
2791 1363 2916 1430 hoc

366 1471 437 1536 in
467 1476 743 1556 utroque
788 1473 1077 1536 accidere
1122 1493 1392 1536 numero
1438 1470 1727 1556 perfecto
1773 1471 2024 1536 scilicet
2071 1475 2136 1536 et
2177 1471 2580 1554 imperfecto.
2657 1472 2914 1536 Priores

368 1601 525 1645 vero
556 1579 785 1644 musici
816 1584 1009 1664 atque
1041 1585 1339 1645 cantores
1375 1580 1633 1646 notulas
1678 1579 1919 1666 nigras,
1966 1584 2040 1644 ut
2079 1601 2199 1644 nos
2232 1579 2434 1663 albas,
2480 1579 2716 1644 rubeas
2760 1600 2914 1642 vero

368 1693 443 1753 ut
484 1709 605 1752 nos
649 1689 950 1772 ponimus
994 1689 1233 1774 nigras,
1285 1687 1635 1774 depingere
1684 1687 2001 1753 solebant.
2083 1688 2425 1753 Ponebant
2471 1687 2667 1750 etiam
2712 1686 2913 1768 albas,

366 1796 541 1861 idest
592 1796 664 1859 in
716 1795 931 1861 medio
988 1817 1252 1876 vacuas,
1313 1799 1388 1859 ut
1440 1816 1559 1859 nos
1615 1795 1916 1878 facimus,
1978 1795 2172 1860 modo
2233 1795 2487 1879 quando
2547 1793 2796 1859 scilicet
2845 1794 2914 1858 in

368 1908 673 1988 promptu
737 1905 1009 1968 rubeum
1083 1902 1393 1986 colorem,
1462 1906 1535 1966 ut
1605 1891 1822 1986 placet
1874 1903 2150 1988 Egidio
2219 1904 2305 1967 de
2359 1903 2714 1985 Marino1,
2784 1925 2914 1966 non

368 2009 718 2077 habebant.
804 2011 1183 2098 Ugolinus
1228 2032 1383 2076 vero
1427 2011 1557 2076 ista
1600 2033 1732 2075 non
1776 2011 1943 2076 bene
1989 2014 2310 2076 scrutatus
2356 2011 2424 2075 in
2473 2010 2701 2075 eodem
2744 2011 2914 2074 melo

367 2120 591 2205 nigras
636 2119 997 2204 rubeasque
1044 2118 1302 2184 notulas
1348 2120 1565 2204 posuit
1610 2123 1677 2184 et
1720 2140 1975 2201 vacuaS,
2031 2118 2336 2202 quoniam
2380 2119 2724 2184 videbatur
2768 2119 2913 2201 sibi,

369 2227 445 2288 ut
487 2223 713 2309 nigrae
762 2227 979 2288 essent
1021 2223 1366 2307 perfectae,
1428 2222 1667 2287 rubeae
1713 2244 1867 2287 vero
1913 2222 2351 2306 imperfectae,
2413 2244 2651 2287 vacuae
2699 2227 2915 2286 autem

372 2331 725 2395 diminutae
748 2335 791 2395 2.
884 2332 1015 2396 Sed
1063 2330 1212 2412 hoc,
1274 2330 1424 2414 quia
1475 2352 1597 2395 nec
1652 2330 1734 2395 ab
1782 2330 1997 2414 aliquo
2046 2330 2174 2395 alio
2221 2331 2465 2395 factum
2510 2331 2913 2414 repperimus

369 2460 677 2522 umquam
693 2443 740 2521 3,
788 2462 825 2502 a
869 2438 1048 2503 nullo
1098 2461 1237 2502 esse
1282 2438 1566 2503 fiendum
1612 2459 1964 2504 censemus.

542 2545 691 2610 Alio
726 2545 923 2610 etiam
951 2546 1144 2611 modo
1186 2547 1537 2610 secundum
1581 2545 1965 2632 magistrum
1996 2545 2509 2611 Franconem⁴
2555 2546 2912 2630 perfectum

372 2654 825 2719 discernebant
849 2653 932 2718 ab
961 2653 1345 2737 imperfecto
1380 2653 1774 2738 antiquiores
1804 2658 2124 2738 ponentes
2155 2653 2404 2718 scilicet
2433 2676 2626 2738 supra
2657 2655 2915 2719 notulas

370 2761 655 2825 binarias
701 2762 755 2843 b,
804 2783 997 2845 supra
1040 2761 1359 2826 ternarias
1404 2783 1557 2826 vero
1607 2767 1655 2840 t3
1706 2765 1771 2826 et
1817 2762 1909 2826 sic
1955 2761 2126 2826 clare
2173 2763 2634 2826 ostendebatur
2677 2762 2915 2826 valoris

368 2869 740 2933 notularum
786 2869 1167 2934 differentia.
1262 2869 1391 2934 Sed
1436 2891 1581 2934 cum
1627 2873 1822 2933 notae
1868 2869 2045 2934 modi
2087 2868 2454 2954 imperfecti
2499 2871 2577 2934 de
2622 2875 2914 2954 tempore

372 2977 775 3042 canebantur
817 2975 1106 3060 perfecto
1156 2981 1220 3042 et
1262 2981 1457 3041 notae
1504 2977 1679 3041 modi
1722 2976 1998 3060 perfecti
2045 2978 2123 3041 de
2170 2981 2458 3061 tempore
2512 2977 2914 3061 imperfecto,
2969 3033 2974 3038 .

369 3084 620 3167 priores
666 3085 1092 3170 signabantur
1138 3084 1191 3166 b,
1240 3084 1513 3152 binaria,
1536 3084 1785 3148 scilicet
1833 3083 2187 3148 divisione-'³
2226 3084 2528 3149 inventae
2544 3089 2593 3164 ὃς
2642 3107 2914 3167 sequen-

370 3197 471 3256 tes
538 3213 692 3256 vero
767 3192 1212 3277 figurabantur
1285 3191 1523 3255 circulo
1615 3190 1985 3274 oppositum
2060 3191 2309 3256 scilicet
2389 3191 2915 3277 praecedentium

371 3300 740 3390 denotante.

547 3406 730 3472 Sicut
772 3407 973 3493 igitur
1031 3411 1248 3471 errant
1303 3429 1421 3491 per
1478 3405 1828 3486 defectum,
1893 3406 2002 3490 qui
2057 3406 2195 3470 sine
2251 3405 2468 3488 aliquo
2523 3407 2710 3491 signo
2769 3428 2915 3488 per-

548 3599 567 3632 1
601 3592 1105 3648 Wahrscheinlich
1140 3593 1434 3648 identisch
1470 3593 1579 3646 mit
1616 3592 1680 3646 Ε.
1708 3593 1777 3647 de
1806 3593 2032 3647 Murino
2071 3593 2167 3648 bei
2206 3593 2384 3647 Cous
2403 3592 2758 3660 semaker,
2799 3593 2914 3651 Ser.

370 3681 467 3747 ΙΙΙ,
505 3680 621 3733 124.

544 3767 566 3804 2
600 3766 728 3820 Von
756 3766 867 3820 den
889 3765 951 3820 in
988 3765 1178 3832 Rom,
1217 3765 1365 3820 Bibl.
1393 3766 1785 3821 Casanatense
1821 3765 2078 3819 Ms.e.11.
2099 3766 2138 3818 3
2160 3766 2340 3834 (2151)
2378 3765 2721 3820 erhaltenen
2746 3765 2914 3819 Kom-

368 3852 702 3922 positionen
728 3851 1022 3922 Ugolino’s
1053 3854 1214 3921 tragt
1245 3852 1350 3906 Ohi
1368 3854 1477 3906 solo
1500 3871 1537 3906 a
1559 3853 1616 3906 si
1635 3870 1806 3906 sen-xa
1828 3853 2049 3906 ‘misma
2071 3854 2221 3906 crede
2245 3869 2388 3921 ganz
2416 3851 2516 3906 das
2544 3851 2914 3922 gezeichnete

372 3939 655 4009 Geprage.
717 3937 923 3993 Leider
957 3938 1037 3993 ist
1075 3955 1135 3992 es
1173 3956 1281 3992 nur
1318 3937 1381 3991 in
1423 3940 1525 3993 der
1550 3938 1936 3993 Oberstimme
1978 3937 2240 3992 erhalten
2268 3938 2388 3992 und
2421 3936 2526 3992 hat
2551 3937 2711 3991 stark
2739 3936 2916 3990 durch

371 4024 786 4095 Feuchtigkeit
822 4024 1085 4094 gelitten.

548 4114 571 4152 3
606 4111 778 4166 Diese
806 4110 997 4164 Praxis
1022 4111 1205 4164 findet
1230 4110 1354 4163 sich
1378 4128 1476 4163 um
1504 4110 1596 4164 die
1622 4109 1847 4164 Wende
1875 4109 1973 4163 des
2001 4108 2146 4162 XIV.
2173 4107 2594 4164 Jahrhunderts
2619 4109 2683 4162 in
2705 4107 2916 4162 Italien

368 4197 470 4252 bei
508 4197 825 4264 Zacharias,
872 4196 1192 4265 Filipoctus
1241 4197 1310 4249 de
1350 4195 1603 4262 Caserta,
1644 4195 1937 4250 Conradus
1977 4195 2048 4250 de
2087 4194 2321 4262 Pistoia‚
2369 4195 2804 4250 Bartholomeus
2845 4195 2915 4248 de

371 4283 636 4338 Bononia
672 4283 792 4338 und
828 4282 1098 4337 anderen.

552 4372 575 4408 4
612 4370 902 4439 Folgende
916 4369 1097 4422 Lehre
1110 4368 1293 4423 findet
1307 4368 1431 4421 sich
1444 4367 1608 4422 nicht
1620 4367 1716 4422 bei
1730 4367 1964 4434 Franco,
1993 4369 2241 4422 sondern
2259 4367 2357 4422 bei
2382 4367 2774 4422 Marchetus
2805 4383 2916 4421 von

371 4456 573 4510 Padua
591 4456 653 4511 in
672 4455 889 4510 seinem
900 4455 1220 4508 Pomeriam
1238 4455 1485 4508 musicae
1500 4459 1848 4508 mensuratae
1868 4453 1975 4519 (Ge
1989 4457 2060 4510 rb
2075 4471 2104 4509 e
2116 4457 2202 4522 rt,
2225 4453 2545 4523 Scriptores
2561 4452 2913 4518 111‚186bff.).

544 4545 569 4582 5
604 4540 961 4597 divisionem.

546 4631 569 4668 6
605 4628 798 4683 Ramis
838 4629 1152 4683 vermischt
1184 4627 1312 4682 hier
1350 4627 1443 4682 die
1480 4627 1848 4683 italienische
1875 4626 2326 4682 Divisionslehre
2365 4627 2473 4681 mit
2510 4627 2613 4682 der
2645 4627 2916 4680 franzosi-

372 4715 555 4770 schen
592 4714 1156 4770 Taktzeichenlehre.
