3592 5509
1835 429 2356 494 -16-·

785 601 1080 685 superius
1139 603 1356 667 datam
1409 623 1639 666 sonum
1697 601 1955 667 emittit.
2048 601 2235 667 Nunc
2295 606 2512 666 autem
2570 623 2703 667 non
2765 623 2989 667 omnes
3045 601 3341 667 chordae

789 710 1079 780 eiusdem
1124 710 1456 796 grossitiei
1500 730 1621 774 nec
1667 711 1894 774 eadem
1942 711 2316 775 extensione
2362 713 2513 775 sunt
2557 713 2976 794 temperatae.
3066 709 3226 775 Ideo
3272 709 3345 773 si

790 839 830 882 a
873 818 1189 883 memoria
1232 816 1493 884 caderet
1539 817 1969 883 creberrimus
1998 818 2281 884 musicae
2326 839 2500 902 usus,
2549 819 3117 883 consonantiarum
3160 817 3345 882 veri·-

786 929 989 990 tatem
1033 947 1152 1008 per
1193 926 1321 990 ista
1364 924 1807 991 monochorda
1851 926 2116 990 minime
2161 925 2452 991 invenire
2496 947 2852 1010 possemus,
2911 926 3027 990 sed
3072 926 3153 992 ad
3196 926 3348 1009 pri-

789 1053 968 1097 orem
1032 1032 1414 1098 divisionem
1469 1037 1875 1098 recurrentes
1936 1055 2132 1098 sonos
2193 1038 2709 1100 connotaremus.
2816 1031 2887 1098 Si
2952 1034 3093 1118 quis
3156 1033 3343 1098 enim

787 1123 963 1200 istud
1009 1137 1413 1201 concorditer
1454 1142 1676 1220 aptare
1723 1137 2019 1217 voluerit,
2069 1138 2149 1202 ad
2192 1137 2399 1202 nostri
2442 1137 2858 1202 instrumenti
2904 1159 3133 1203 sonum
3178 1159 3345 1202 con-

791 1248 1098 1327 vertatur,
1163 1249 1227 1308 et
1269 1243 1386 1309 illo
1441 1265 1761 1329 perpenso
1816 1244 1990 1309 istud
2036 1250 2401 1331 cognoscet.
2496 1245 2662 1310 Sunt
2712 1249 2933 1310 tamen
2988 1245 3207 1330 aliqua
3256 1267 3345 1308 ex

788 1347 994 1416 novis'
1020 1351 1455 1417 monochorda
1497 1375 1693 1416 unam
1737 1352 2049 1417 habentia
2092 1355 2234 1437 (pag.
2266 1356 2369 1435 14.)
2404 1353 2715 1437 diapason
2760 1353 2842 1418 ad
2886 1358 3141 1437 partem
3185 1375 3348 1418 acu-

791 1460 1027 1524 tiorem
1071 1461 1198 1524 isto
1243 1461 1437 1528 modo
1484 1460 1786 1540 divisam3
1844 1460 2149 1544 quoniam
2204 1481 2317 1526 sex
2362 1460 2594 1525 saltem
2639 1459 2916 1525 chordae
2974 1460 3091 1525 illo
3137 1460 3343 1525 modo

794 1572 944 1632 sunt
997 1571 1395 1651 temperatae
1456 1572 1522 1633 et
1579 1569 1867 1633 eiusdem
1928 1572 2077 1632 sunt
2132 1569 2479 1654 grossitiei,
2552 1573 2619 1633 et
2677 1572 2831 1633 tunc
2892 1589 3163 1634 acumen
3223 1571 3348 1630 aut

792 1675 1184 1762 gravitatem
1242 1697 1441 1758 parva
1496 1674 1603 1740 vel
1657 1698 1897 1762 magna
1947 1675 2329 1740 chordarum
2385 1676 2800 1765 intercapedo
2856 1680 3157 1741 tonorum
3222 1680 3346 1739 aut

796 1781 1068 1846 aliarum
1104 1782 1464 1867 specierum
1511 1784 1862 1848 secundum
1908 1784 2599 1848 commensurationem
2629 1784 3065 1867 proportionis
3114 1782 3340 1847 efficit.

797 1889 926 1955 Sed
973 1912 1136 1974 quae
1183 1890 1276 1954 ita
1322 1894 1472 1955 sunt
1515 1890 1706 1973 facta,
1762 1890 2073 1956 facillime
2119 1894 2579 1974 temperantur,
2638 1892 2943 1975 quoniam
2986 1891 3343 1974 unicuique

797 2018 958 2062 sono
1006 1997 1294 2061 eiusdem
1340 1998 1652 2081 diapason
1697 2021 1815 2063 sua
1862 2003 2088 2063 octava
2131 1998 2439 2063 facillime
2488 1999 2929 2064 concordatur.

971 2103 1137 2169 Sunt
1185 2110 1250 2169 et
1296 2105 1440 2185 alia,
1500 2115 1772 2191 quorum
1821 2105 2098 2172 chordae
2145 2111 2295 2170 sunt
2340 2106 2664 2171 contrario
2710 2106 2904 2172 modo
2951 2105 3337 2189 dispositae,

807 2213 1112 2296 quoniam
1168 2218 1409 2297 quanto
1459 2214 1701 2300 digitus
1746 2214 2191 2298 superpositus
2246 2215 2329 2279 ad
2371 2214 2615 2298 locum,
2679 2215 2747 2278 in
2804 2235 2931 2298 quo
2976 2217 3343 2298 torquetur,

799 2320 1292 2404 appropinquat,
1348 2326 1532 2386 tanto
1588 2344 1781 2387 sonos
1836 2323 2113 2387 reddunt
2165 2323 2496 2408 graviores
2553 2327 2619 2387 et
2665 2345 2698 2386 e
2745 2326 2993 2404 contra,
3058 2326 3131 2385 ut
3175 2321 3343 2405 lyra.

804 2427 933 2492 Sed
978 2427 1102 2492 hoc
1147 2433 1409 2494 nostrae
1458 2430 1759 2496 divisioni
1804 2452 1936 2495 non
1980 2430 2217 2512 obstat,
2258 2432 2573 2515 ,quoniam
2603 2429 2988 2495 chordarum
3032 2429 3345 2513 impulsio

799 2558 930 2600 non
976 2537 1050 2601 fit
1083 2560 1158 2602 ex
1202 2542 1386 2622 parte
1418 2538 1670 2603 mediae
1717 2538 1994 2604 chordae
2026 2578 2111 2586 -—
2144 2561 2181 2602 a
2224 2538 2369 2603 loco
2417 2538 2683 2621 scilicet,
2734 2561 2774 2603 a
2806 2561 2931 2623 quo
2978 2542 3341 2622 torquetur,

801 2645 882 2708 ad
925 2646 968 2708 h
1012 2647 1116 2727 —',
1165 2647 1279 2710 sed
1310 2669 1348 2710 a
1387 2645 1531 2710 1000
1577 2646 1898 2732 ligaturae
1947 2647 2027 2710 ad
2066 2647 2125 2711 k.
2199 2645 2307 2711 Sic
2356 2668 2509 2732 ergo
2541 2651 2782 2732 quanto
2830 2646 3069 2732 digitus
3118 2667 3348 2730 super-

799 2753 1049 2837 positus
1095 2754 1302 2840 magis
1350 2755 1825 2840 appropinquat
1879 2755 2199 2840 ligaturae
2246 2754 2549 2837 chordae,
2607 2759 2791 2819 tanto
2847 2776 3043 2819 sonus
3090 2755 3349 2819 acutior

803 2861 943 2942 erit,
1005 2863 1308 2944 quoniam
1356 2861 1595 2927 chorda
1639 2862 1927 2944 brevior;
1991 2869 2056 2928 et
2101 2867 2341 2948 quanto
2385 2863 2595 2948 magis
2656 2863 2737 2926 ad
2788 2863 3028 2946 locum,
3084 2862 3154 2926 in
3212 2885 3347 2946 quo

801 2972 1156 3052 torquetur,
1221 2970 1714 3056 appropinquat,
1774 2975 1958 3036 tanto
2004 2971 2264 3058 gravius
2312 2976 2517 3052 sonat,
2579 2972 2731 3055 quia
2782 2971 3041 3057 longior
3101 2970 3349 3035 chorda

805 3080 920 3140 est.
1014 3075 1086 3141 Si
1141 3075 1266 3142 hoc
1320 3078 1522 3164 igitur
1573 3079 2075 3143 instrumentum
2134 3079 2418 3143 dividere
2479 3078 2901 3161 voluerimus,
2958 3079 3348 3163 permutatis

800 3183 1039 3248 litteris
1098 3187 1638 3271 transpositisque
1697 3186 1872 3250 idem
1934 3186 2214 3270 eveniet,
2274 3185 2398 3252 hoc
2458 3191 2582 3251 est:
2642 3188 2686 3250 h
2735 3186 2975 3270 littera,
3035 3191 3109 3250 ut
3162 3187 3347 3272 prius

807 3296 962 3374 erat,
1013 3293 1227 3357 media
1256 3299 1630 3359 remanente
1677 3299 2137 3378 transponatur
2181 3317 2219 3378 q
2266 3295 2346 3359 ad
2390 3295 2606 3360 locum
2649 3316 2692 3358 a
2738 3299 2803 3359 et
2846 3317 2889 3358 a
2934 3295 3015 3359 ad
3059 3294 3278 3359 locum
3310 3316 3348 3377 q

807 3403 872 3465 et
915 3400 1202 3484 reliquae
1247 3400 1505 3466 litterae
1552 3425 1975 3486 unaquaeque
2020 3402 2091 3467 in
2138 3402 2402 3467 alterius
2448 3403 2663 3467 locum
2719 3402 3207 3468 transferantur.

979 3507 1098 3572 Est
1144 3513 1360 3574 autem
1404 3514 1595 3574 tonus
1641 3512 1710 3574 in
1743 3511 1868 3576 duo
1916 3511 2260 3577 semitonia
2292 3510 2535 3575 divisus
2581 3512 2649 3576 in
2696 3511 2987 3596 quolibet
3029 3533 3348 3577 novorum

807 3615 1383 3684 instrumentorum
1428 3618 1737 3703 perfectO,
1802 3619 1992 3684 sicuti
2037 3623 2260 3685 nostro
2307 3621 2538 3704 [tonus]
2596 3641 2807 3685 meses
2868 3625 2933 3685 et
2975 3643 3346 3705 parameses

805 3747 925 3809 per
952 3725 1105 3789 trite
1139 3747 1619 3809 synemmenon,
1666 3727 1744 3792 de
1778 3749 1904 3812 qua
1937 3727 2251 3792 divisione
2282 3728 2479 3812 paulo
2508 3733 2659 3812 post
2690 3728 2992 3793 dicemus.
3072 3727 3346 3806 Quando

807 3854 963 3897 vero
1008 3838 1230 3899 tonum
1278 3834 1347 3899 in
1391 3833 1633 3898 talibus
1679 3833 1894 3900 facere
1928 3835 2340 3919 voluerimus,
2390 3837 2547 3901 duas
2580 3835 2964 3901 chordarum
2996 3835 3347 3901 divisiones

806 3939 1084 4026 transire
1114 3963 1232 4005 nos
1265 3940 1538 4006 decebit.
1617 3942 1693 4006 In
1738 3942 1865 4007 hoc
1907 3944 2109 4029 igitur
2151 3942 2583 4009 instrumento
2628 3966 2831 4028 usque
2879 3945 2961 4008 ad
2999 3943 3347 4009 semitonia

807 4049 901 4114 sic
947 4049 1152 4113 diviso
1198 4048 1415 4133 plures
1473 4048 1748 4116 chordae
1806 4056 2157 4135 ponuntur,
2220 4050 2385 4116 aliae
2432 4051 2681 4116 scilicet
2735 4052 3117 4138 grossiores,
3177 4053 3344 4118 aliae

806 4178 960 4222 vero
1018 4157 1407 4222 subtiliores.
1513 4157 1800 4222 Utuntur
1853 4164 2069 4224 autem
2124 4181 2294 4224 nunc
2356 4160 2637 4245 quinque
2698 4161 2789 4224 sic
2850 4161 3203 4244 dispositiS,
3272 4168 3346 4227 ut

807 4265 1094 4351 grossior
1145 4265 1215 4329 in
1260 4269 1399 4330 tota
1459 4287 1575 4330 sua
1621 4269 1996 4332 extensione
2042 4272 2231 4332 sonet
2283 4272 2442 4333 tono
2498 4268 2618 4333 sub
2672 4268 3343 4352 proslambanomenO,

811 4373 984 4458 quod
1029 4372 1299 4437 dicimus
1347 4372 1393 4436 Γ
1437 4379 1528 4454 ut,
1591 4376 1873 4440 secunda
1914 4374 2271 4461 parhypate
2318 4375 2608 4460 hypaton
2653 4377 3055 4441 diatessaron
3100 4377 3347 4441 distans

811 4480 892 4545 ab
941 4503 1034 4556 ea,
1089 4480 1284 4546 tertia
1327 4479 1605 4565 hypate1
1660 4505 1888 4548 meson
1942 4484 2164 4549 ditono
2227 4483 2419 4548 altior
2462 4483 2614 4562 ista3
2674 4484 2786 4547 sed
2842 4488 3070 4567 quarta
3121 4505 3346 4548 mesen

2880 4635 2933 4644 -ι-

985 4717 1002 4752 ¹
1038 4713 1314 4770 lichanos.
