3592 5509
926 1111 1527 1184 TRACTATUS
1585 1108 2167 1184 SECUNDU81.

1055 1322 1544 1404 capitulum
1600 1261 2004 1404 primum.
2170 1274 2176 1281 .

338 1527 429 1597 In
485 1551 633 1619 quo
691 1529 781 1598 de
837 1527 1119 1621 triplici
1171 1526 1956 1620 proportionalitatum
2021 1551 2297 1623 genere⁴
2350 1528 2760 1601 subtiliter.

1304 1666 1747 1758 disputatur.

258 1849 546 1984 SICUT
576 1850 777 1936 igitur
809 1872 885 1914 ex
914 1869 1330 1914 numerorum
1360 1849 1900 1933 multiplicatione
1933 1849 2140 1914 relata
2163 1845 2653 1933 proportionum
2684 1873 2798 1933 ge-

382 1980 539 2022 nera
582 1958 1038 2038 redundarunt,
1092 1957 1189 2021 ita
1225 1958 1715 2042 proportionum
1761 1958 2220 2023 commixtione
2264 1963 2606 2043 perspecta
2648 1981 2798 2043 pro-

255 2066 711 2149 portionalitas
770 2070 1163 2130 concreatur.
1268 2065 1388 2130 Est
1444 2066 1615 2130 enim
1668 2067 2002 2149 proportio
2060 2067 2330 2130 duorum
2385 2088 2797 2131 numerorum

256 2175 338 2238 ad
384 2197 454 2238 se
498 2174 777 2238 invicem
834 2173 1165 2238 habitudo.
1258 2173 1838 2257 Proportionalitas
1897 2179 2113 2238 autem
2169 2179 2267 2238 est
2326 2168 2603 2239 duarum*
2649 2197 2799 2259 pro-

254 2281 630 2366 portionum
679 2282 759 2345 ad
804 2303 873 2345 se
914 2281 1195 2345 invicem
1239 2280 1490 2345 relatio,
1554 2280 1749 2345 “Cum
1794 2273 1999 2366 igitur
2040 2279 2372 2366 hucusque
2420 2283 2497 2346 de
2530 2304 2798 2366 propor-

254 2389 555 2454 tionibus
602 2389 818 2473 aliqua
862 2388 1173 2481 fuerimus
1218 2388 1621 2472 perscrutati,
1671 2393 1894 2470 restat,
1943 2393 2017 2453 ut
2063 2391 2140 2454 de
2170 2390 2798 2474 proportionalitati-

255 2499 377 2562 bus
447 2497 529 2560 ad
588 2496 778 2560 huius
835 2497 1031 2580 primi
1096 2495 1442 2560 voluminis
1501 2497 2045 2580 complementum
2116 2498 2430 2581 quaedem
2494 2498 2796 2581 practicis

252 2605 621 2669 necessaria
667 2605 1103 2691 discutiamus.

426 2713 1008 2796 Proportionalitas
1053 2711 1216 2776 haec
1262 2715 1516 2776 secatur
1558 2713 1627 2775 in
1674 2713 2047 2777 continuam
2094 2717 2158 2777 et
2203 2717 2584 2796 separatam.
2678 2713 2798 2778 Est

258 2821 429 2884 enim
478 2821 803 2903 continua,
852 2843 995 2886 cum
1042 2842 1347 2885 numerus
1392 2821 1645 2885 medius
1691 2820 1792 2885 bis
1841 2821 2115 2885 sumitur
2161 2822 2241 2885 ad
2289 2825 2574 2885 extrema
2621 2842 2798 2885 com-

252 2933 537 3012 para‘tUS,
595 2933 667 2993 ut
713 2930 771 2992 4.
822 2929 882 2992 6.
931 2929 989 2993 9.
1081 2928 1373 2993 Dicimus
1422 2927 1617 2993 enim:
1687 2929 1854 2993 sicut
1909 2919 1991 2994 se'
2033 2929 2233 2994 habet
2277 2930 2318 2992 4
2365 2929 2447 2992 ad
2491 2928 2550 3011 6,
2612 2931 2707 2993 ita
2751 2929 2793 2992 6

262 3037 345 3100 ad
377 3035 435 3117 9,
489 3036 639 3120 quia
686 3037 1085 3121 sesqualtera
1134 3041 1231 3106 est
1261 3037 1623 3119 utrobique.
1696 3035 1859 3100 Cum
1892 3041 2107 3101 autem
2151 3059 2282 3102 non
2313 3057 2478 3102 unus
2525 3037 2638 3100 sed
2670 3037 2796 3102 duo

252 3143 456 3207 medii
532 3149 683 3208 sunt
746 3145 1017 3220 numeri,
1090 3143 1324 3208 dicitur
1390 3148 1689 3228 separata
1756 3148 1868 3208 aut
1925 3144 2351 3227 discontinua,
2419 3149 2492 3208 ut
2556 3145 2625 3207 in
2692 3143 2794 3208 his

248 3251 535 3315 numeris
582 3252 640 3316 4.
689 3252 749 3317 6.
799 3251 990 3324 8.,12
1032 3251 1105 3316 fit
1152 3251 1472 3316 discursus
1518 3250 1643 3316 hoc
1687 3252 1912 3316 modo:
1962 3251 2128 3316 sicut
2172 3273 2240 3315 se
2286 3251 2487 3316 habet
2531 3251 2572 3314 6
2619 3252 2699 3315 ad
2732 3252 2790 3334 4,

252 3359 349 3422 ita
399 3359 479 3421 12
523 3360 603 3423 ad
636 3359 693 3423 8.
782 3359 853 3424 Si
896 3361 1097 3446 igitur
1126 3359 1443 3424 terminos
1470 3343 1932 3443 permutamus,
1983 3359 2420 3424 concludimus
2468 3360 2586 3424 sic:
2639 3380 2793 3444 ergo

258 3467 429 3530 sicut
485 3466 525 3528 8
588 3467 668 3530 ad
724 3467 783 3550 4,
842 3468 936 3531 ita
985 3467 1064 3530 12
1120 3467 1201 3531 ad
1246 3467 1305 3530 6.
1413 3467 1490 3530 In
1548 3466 1757 3551 primo
1822 3467 1993 3530 enim
2051 3467 2342 3531 discursu
2395 3466 2796 3550 sesqualtera

252 3573 618 3658 utrobique,
668 3576 737 3638 in
786 3575 1195 3639 conclusione
1242 3596 1395 3639 vero
1442 3574 1652 3658 dupla.

428 3681 499 3746 Si
553 3680 756 3768 igitur
809 3682 934 3748 hoc
989 3684 1182 3747 modo
1248 3684 1319 3747 in
1385 3683 1653 3747 vocibus
1712 3704 2006 3767 arguere.
2043 3680 2454 3764 voluerimus,
2521 3686 2796 3765 quatuor

252 3807 447 3850 voces
498 3809 577 3850 ex
604 3786 1063 3868 monochordO,
1116 3808 1279 3870 quae
1324 3785 1448 3850 hoc
1480 3786 1674 3851 modo
1721 3809 1791 3851 se
1820 3785 2123 3866 habeant,
2172 3806 2429 3860 sumere*
2464 3783 2789 3848 debemus,
2857 3856 2862 3860 ,

254 3893 402 3962 Sint
450 3899 667 3958 autem
712 3915 755 3958 a
798 3915 831 3958 c
874 3896 918 3958 d
944 3895 996 3978 f,
1042 3894 1113 3958 in
1160 3894 1391 3979 quibus
1439 3895 1800 3959 discursum
1844 3893 2156 3958 faciemus
2200 3892 2580 3963 hoc,.modo:
2629 3893 2796 3957 sicut

248 4022 291 4065 a
346 4003 424 4065 ad
482 4023 531 4084 c,
605 4001 701 4065 ita
758 4003 803 4066 d
857 4002 937 4066 ad
991 4002 1042 4085 f.
1144 4002 1537 4066 Permutatis
1596 4023 1749 4066 vero
1805 4000 2043 4065 litteris
2107 4000 2573 4068 concludimus:
2639 4022 2794 4086 ergo

257 4111 423 4174 sicut
468 4131 509 4172 a
556 4109 633 4172 ad
667 4111 725 4191 d,
773 4109 868 4173 ita
912 4130 946 4174 c
992 4109 1073 4172 ad
1103 4110 1153 4193 f.
1247 4110 1325 4174 In
1371 4110 1795 4174 antecedente
1841 4108 2270 4173 trihemitonii
2317 4112 2417 4172 est
2461 4109 2797 4172 ambarum

252 4207 691 4301 int'ercapedo,
756 4218 869 4283 sed
918 4218 1322 4282 diatessaron
1377 4218 1447 4281 in
1482 4215 1927 4301 ‘consequenti
1981 4215 2314 4300 utriusque
2359 4216 2796 4300 proportionis

261 4329 361 4389 est
403 4325 841 4389 intervallum.
918 4317 1202 4397 Possunt
1233 4329 1300 4390 et
1342 4325 1410 4390 in
1440 4324 1915 4390 hac-disiuncta
1944 4323 2548 4408 proportionalitate
2578 4322 2797 4406 plures

253 4432 436 4517 iungi
480 4433 952 4517 proportiones,
1000 4437 1075 4496 ut
1117 4431 1185 4498 in
1228 4431 1330 4496 his
1374 4432 1658 4497 numeris
1706 4431 1764 4496 2.
1815 4431 1882 4495 3;
1931 4432 1989 4497 4.
2039 4431 2214 4517 628.
2267 4432 2364 4513 12,
2417 4435 2677 4496 ettunc
2721 4429 2795 4494 fit

426 4641 445 4677 1
480 4638 703 4693 tertius
