3592 5509
1685 427 2121 491 —26-

634 604 700 663 et
753 621 870 682 per
936 599 1360 664 modulandas
1421 599 1770 665 varietates
1841 600 2162 684 quoddam
2234 600 2480 665 faciens
2548 601 2979 685 intervallum,
3047 626 3184 670 non

632 707 1094 771 taciturnitatis
1141 711 1252 771 aut
1297 707 1558 789 silentii,
1608 709 1722 772 sed
1764 709 1989 773 tardae
2021 708 2237 793 potius
2285 730 2359 775 ac
2405 731 2756 794 suspensae
2796 711 3177 777 cantilenae.

632 814 768 896 His,
817 818 889 878 ut
941 813 1284 879 Albinus
1341 818 1650 894 autumat,
1708 816 1967 881 additur
2029 816 2225 882 tertia
2280 817 2659 901 differentia,
2722 840 2886 903 quae
2930 820 3179 885 medias

634 943 825 986 voces
871 921 1080 1006 possit
1120 922 1472 1002 includere,
1522 944 1668 987 cum
1715 923 1965 989 scilicet
2007 925 2279 990 heroum
2323 929 2625 1008 poemata
2668 924 2965 1011 legimus,
3014 949 3180 1012 quae

629 1052 839 1114 neque
886 1029 1191 1094 continuo
1223 1052 1431 1114 cursa,
1477 1035 1550 1095 ut
1578 1053 1855 1114 prosam,
1904 1054 2115 1117 neque
2158 1053 2469 1116 suspenso
2502 1031 2914 1118 segniorique
2961 1038 3175 1101 tractu

634 1139 829 1216 vocis,
898 1141 972 1202 ut
1046 1137 1383 1221 canticum,
1461 1139 2010 1221 pronuntiamus«
2135 1139 2467 1222 Similiter,
2547 1161 2693 1205 cum
2756 1141 2827 1205 in
2902 1142 3177 1208 ecclesia

635 1245 982 1329 orationes,
1052 1245 1353 1330 capitula,
1422 1246 1734 1312 lectiones
1806 1252 1871 1312 et
1934 1247 2037 1312 his
2106 1248 2345 1312 similia
2422 1245 2719 1333 legimus,
2792 1250 2870 1314 de
2946 1251 3180 1336 quibus

633 1354 702 1417 in
749 1357 1029 1419 tractatu
1075 1354 1153 1418 de
1199 1354 1404 1437 tropis
1449 1337 1858 1420 manifestius
1905 1356 2261 1440 apparebit.

813 1462 954 1526 Vox
1005 1463 1225 1548 igitur,
1299 1484 1442 1527 cum
1499 1464 1583 1527 sit
1638 1464 1716 1528 de
1775 1485 2014 1550 gen-ere
2071 1466 2606 1550 successivorum‚
2676 1468 2827 1531 dum
2892 1466 2982 1546 fit,
3055 1473 3183 1549 est3

637 1570 750 1634 sed
797 1591 941 1634 cum
987 1568 1160 1634 facta
1209 1574 1333 1652 est,
1395 1593 1528 1636 non
1585 1575 1699 1636 est.
1792 1572 1950 1637 Ideo
2014 1578 2271 1656 oportet
2333 1596 2475 1639 eam
2531 1575 2775 1662 regulis
2829 1596 2904 1640 ac
2956 1575 3183 1661 figuris

634 1677 1088 1763 imaginationi
1134 1683 1642 1762 repraesentare.
1675 1723 1678 1726 -
1736 1679 1979 1767 Figura
2025 1681 2193 1745 enim
2240 1683 2417 1748 vocis
2465 1683 2799 1749 similiter¹
2856 1683 2997 1748 fieri
3053 1706 3186 1749 non

635 1790 873 1870 potest,
919 1785 1303 1868 praesertim
1354 1785 1424 1851 in
1482 1786 1677 1870 plano
1734 1788 2008 1871 depicta,
2068 1791 2388 1874 quoniam,
2453 1812 2600 1856 cum
2643 1790 2995 1875 profertur,
3051 1814 3185 1857 non

636 1898 938 1958 causatur
983 1895 1063 1958 ad
1108 1895 1371 1960 modum
1415 1895 1639 1978 puncti
1683 1893 1947 1961 fluentis
1958 1879 1973 1886 ⁵¹
2001 1897 2244 1964 lineam
2292 1898 2743 1964 constituentis
2798 1899 2869 1964 in
2912 1899 3183 1985 longum

635 2006 890 2066 tantum
936 2008 1048 2067 aut
1091 2003 1160 2066 in
1204 2001 1489 2087 longum
1521 2008 1586 2067 et
1614 2003 1821 2068 latum
1852 2009 1926 2068 ut
1954 2004 2129 2070 linea
2162 2009 2227 2069 et
2257 2006 2647 2090 superficies,
2694 2007 2810 2071 sed
2853 2007 2924 2070 in
2955 2007 3181 2072 orbem

640 2116 705 2175 et
746 2110 817 2174 in
861 2111 1203 2193 sphaeram
1249 2110 1627 2175 diffunditur
1673 2111 1782 2194 sic,
1832 2116 1906 2175 ut
1948 2134 2066 2195 per
2110 2135 2223 2178 sex
2267 2113 2609 2197 positionis
2656 2114 3055 2180 differentias
3086 2115 3184 2193 ,ab

640 2217 907 2283 auribus
954 2217 1267 2296 audiatur,
1316 2216 1440 2283 hoc
1489 2223 1610 2283 est:
1677 2241 1947 2300 sursum,
2020 2221 2338 2304 deorsum,
2412 2226 2580 2304 ante,
2637 2227 2829 2304 retr0,
2895 2235 3039 2302 (pag.
3090 2234 3181 2296 21)

643 2326 1048 2390 dextrorsum
1095 2330 1159 2390 et
1199 2325 1662 2402 sinistrorsum.
1738 2327 2099 2392 Boetius2
2146 2329 2316 2395 enim
2362 2350 2586 2394 vocem
2630 2351 2748 2414 per
2789 2329 3073 2414 lapidem
3117 2330 3189 2395 in

639 2438 919 2498 stantem
966 2453 1198 2518 aquam
1243 2435 1604 2518 proiectum
1648 2441 2135 2519 repraesentare
2183 2441 2452 2502 conatur
2495 2438 2685 2502 undis
2728 2437 2905 2503 iactu
2948 2438 3183 2522 lapidis

641 2542 934 2607 excitatis
987 2543 1056 2607 in
1104 2543 1329 2608 orbem
1372 2542 1913 2628 profugientibus,
1963 2548 2039 2608 ut
2080 2544 2490 2630 intelligatur
2535 2546 2629 2610 sic
2673 2567 2889 2610 aerem
2944 2569 2983 2610 a
3026 2568 3182 2611 voce

639 2650 806 2715 sicut
850 2673 1050 2734 aquas
1081 2675 1134 2714 a
1175 2651 1392 2734 lapide
1437 2650 1733 2734 propelli.

811 2757 952 2823 Vox
1017 2758 1218 2843 igitur
1283 2759 1352 2822 in
1407 2757 1604 2841 plano
1672 2781 1805 2823 non
1862 2759 2192 2845 figuratur,
2264 2761 2378 2824 sed
2444 2761 2621 2826 vocis
2703 2761 2979 2826 elevatio
3047 2762 3183 2826 sive

639 2864 939 2944 intensio,
981 2876 1046 2930 et
1107 2867 1435 2949 depressio
1507 2867 1643 2931 sive
1699 2868 1996 2933 remissio
2059 2869 2337 2952 quodam
2390 2870 2583 2934 modo
2638 2873 3178 2954 repraesentatur.

641 2969 824 3034 Sicut
885 2970 1082 3048 enim¹
1126 2963 1196 3033 in
1248 2971 1646 3056 geometrica
1715 2972 2265 3036 demonstratione
2328 2972 2503 3037 linea
2563 2973 2755 3057 picta,
2816 2995 2980 3058 quae
3034 2973 3179 3040 loco

638 3076 854 3156 lineae¹
897 3077 1331 3162 geometricae
1396 3079 1675 3161 ponitur,
1735 3101 1868 3146 non
1937 3085 2113 3144 caret
2168 3080 2531 3164 latitudine,
2598 3103 2723 3165 qua
2786 3082 3185 3166 geometrica

639 3184 814 3247 linea
859 3205 1075 3248 carere
1133 3184 1537 3271 intelligitur,
1609 3187 1702 3250 sic
1757 3188 1826 3250 in
1885 3171 2131 3251 musica
2194 3192 2420 3252 nostra
2488 3188 2916 3253 elevationem
2978 3190 3187 3273 ipsam

642 3292 778 3355 sive
826 3291 1323 3376 depressionem,
1375 3315 1537 3378 quae
1582 3294 1650 3357 in
1689 3297 1930 3377 puncto
1975 3295 2337 3360 consistunt
2380 3295 2780 3375 indivisibili,
2826 3296 3186 3361 intervallis

644 3399 1028 3483 quibusdam
1071 3400 1442 3465 notularum
1488 3401 1905 3466 sensibilibus
1948 3403 2367 3478 ostendimus.
2460 3403 2621 3469 Cum
2651 3405 2853 3493 igitur
2894 3405 3186 3469 notulam

643 3511 1020 3591 sequentem
1073 3529 1268 3591 super
1315 3508 1591 3591 primam
1652 3510 2152 3594 inspexerimuS,
2218 3533 2257 3574 a
2318 3511 2637 3597 gravitate
2688 3510 3067 3576 inchoantes
3116 3513 3186 3575 in

645 3637 914 3680 acumen
937 3637 1162 3680 vocem
1188 3616 1440 3681 elevare
1467 3618 1785 3682 docemur.
1836 3617 1925 3682 At
1948 3618 2003 3682 si
2026 3619 2307 3682 secunda
2337 3618 2609 3683 inferior
2640 3618 2855 3702 fuerit,
2889 3620 2970 3684 ab
2997 3623 3184 3684 acuto

641 3723 713 3788 in
742 3743 1006 3808 gravem
1039 3724 1472 3789 deveniemus.
1518 3725 1604 3789 Et
1633 3725 1758 3790 iste
1781 3727 2011 3791 modus
2042 3725 2113 3790 in
2147 3726 2445 3790 omnibus
2469 3725 2712 3790 notulis
2735 3726 2934 3790 totius
2961 3731 3187 3791 cantus

644 3830 1185 3914 subsequentibus
1226 3838 1326 3897 est
1369 3833 1829 3898 observandus
1910 3833 2040 3898 Sed
2072 3834 2376 3918 quoniam
2412 3833 2688 3898 elevatio
2733 3834 2999 3907 notulae
3046 3836 3181 3899 sive

646 3938 993 4023 depressio,
1044 3943 1282 4023 quanta
1312 3941 1381 4004 in
1410 3962 1570 4006 voce
1600 3942 1881 4006 tenenda
1912 3941 2015 4024 sit,
2062 3964 2194 4006 non
2228 3947 2325 4006 est
2356 3942 2548 4007 facile
2580 3942 2863 4029 cognitu,
2899 3947 3187 4008 contem-

645 4047 911 4131 poranei
952 4047 1158 4112 nostri
1199 4048 1516 4131 optimum
1549 4048 1620 4113 in
1660 4048 1784 4113 hoc
1818 4035 2080 4114 modum
2121 4051 2665 4135 excogitaverunt.
2744 4050 3188 4115 Decreverunt

646 4155 834 4236 enim,
870 4159 942 4218 ut
962 4155 1177 4220 lineae
1210 4160 1486 4240 quatuor
1517 4139 1945 4222 extendantur
1977 4161 2089 4221 aut
2114 4157 2396 4242 quinque
2431 4163 2497 4222 et
2528 4171 2565 4221 a
2594 4157 2769 4222 linea
2790 4157 2860 4221 in
2884 4158 3095 4242 spatio
3123 4163 3188 4222 et

647 4285 684 4326 a
715 4262 926 4345 spatio
971 4264 1040 4328 in
1082 4263 1258 4328 linea
1286 4264 1438 4328 talis
1471 4264 1556 4329 sit
1599 4286 1955 4348 processus,
2008 4265 2217 4350 qualis
2263 4265 2331 4329 in
2364 4270 2502 4330 arte
2533 4266 2707 4330 facto
2735 4264 3183 4330 instrumento.

646 4369 852 4434 Voces
885 4371 1191 4435 continuo
1225 4371 1596 4436 seinvicem
1627 4373 2105 4456 subsequuntur
2136 4377 2202 4436 et
2234 4372 2358 4436 sibi
2387 4373 2665 4436 invicem
2690 4373 3056 4436 succedunt.
3103 4373 3189 4436 Et

823 4634 840 4668 1
879 4628 1102 4684 simnia.

821 4716 844 4752 2
877 4716 1016 4769 Inst.
1055 4715 1200 4769 Mus.
1239 4716 1375 4783 1,14
1415 4716 1518 4782 (ed.
1558 4715 1865 4783 Priameia,
1902 4733 1957 4785 p.
1984 4715 2118 4782 200).
