3592 5509
1433 426 1864 490 ...21-

377 601 438 664 is
467 621 564 664 ces
592 620 684 682 v0,
733 600 1146 682 postmodum
1191 620 1348 664 voce
1404 600 1668 665 dimissa
1713 621 1860 665 cum
1915 600 2259 665 intervallo
2308 600 2504 666 dicat:
2562 622 2639 666 vo
2659 622 2781 686 per
2812 606 2921 664 tur

379 709 430 772 li
461 709 627 792 psal.
720 707 972 772 Deinde
1018 731 1056 774 a
1099 707 1310 791 prima
1350 708 1437 772 ad
1498 707 1634 773 eius
1681 712 1978 773 octavam
2022 729 2255 774 vocem
2299 709 2621 789 intendat,
2671 709 2918 774 scilicet

370 818 522 900 psal
569 821 666 880 tas
721 820 787 880 et
849 820 1114 912 econtra
1171 815 1462 881 remittat
1527 822 1624 881 tas
1662 819 1830 901 psal.
1922 817 2001 881 In
2052 815 2155 880 his
2213 821 2278 881 et
2334 817 2402 882 in
2462 817 2606 882 aliis
2664 821 2918 883 tantum

381 923 759 988 exercitium
802 923 930 989 sibi
976 923 1245 1008 quisque
1294 928 1592 1006 assumat,
1658 929 1971 1010 quantum
2017 926 2099 989 ad
2141 907 2439 1010 prompte
2492 926 2917 1021 expediteque

383 1031 774 1096 cantandum
817 1031 1055 1095 viderit
1101 1053 1240 1096 esse
1285 1032 1738 1097 necessarium.
1834 1031 1996 1098 Sed
1990 1055 2092 1098 ne
2137 1015 2549 1116 impediatur
2582 1033 2725 1099 soni
2768 1055 2920 1118 pro-

378 1138 702 1204 nuntiatio
746 1138 1160 1203 multitudine
1205 1138 1571 1205 litterarum
1613 1139 1683 1204 in
1731 1163 1859 1205 una
1905 1140 2172 1224 syllaba,
2230 1140 2557 1224 volumus,
2605 1145 2712 1205 ut¹
2768 1162 2919 1206 can-

374 1251 591 1311 tantes
637 1250 1014 1312 removeant
1073 1246 1344 1325 litterae,
1404 1269 1567 1332 quae
1625 1252 1983 1333 sequuntur
2036 1252 2187 1332 post
2239 1248 2547 1331 vocalem,
2608 1249 2663 1312 'si
2719 1270 2915 1314 nocu-

379 1359 668 1419 mentum
713 1354 1018 1435 fecerint3
1067 1359 1136 1419 at
1183 1355 1377 1420 etiam
1399 1377 1470 1440 p,
1519 1378 1684 1440 quae
1729 1356 2061 1440 praecedit
2092 1378 2141 1440 ε,
2190 1378 2445 1442 semper
2486 1361 2911 1440 removeatur,

378 1462 683 1546 quoniam
727 1462 833 1528 hic
877 1485 1008 1530 non
1054 1462 1586 1549 orthographiam
1633 1465 1747 1528 sed
1790 1464 2105 1529 musicam
2150 1465 2469 1530 docemus.

549 1570 866 1636 Dubitare
911 1576 1131 1636 tamen
1177 1571 1410 1657 aliqtfis
1440 1576 1662 1655 posset
1699 1593 1818 1636 nec
1863 1572 2208 1654 immerito,
2258 1594 2384 1656 qua
2429 1573 2508 1637 de
2540 1593 2734 1637 causa
2765 1578 2914 1637 octo

378 1679 666 1744 diversas
711 1679 1027 1764 ponimus,
1087 1700 1232 1744 cum
1275 1683 1531 1745 tantum
1589 1684 1840 1764 septem
1900 1680 2031 1744 sint
2090 1680 2460 1746 differentes
2524 1684 2588 1745 et
2634 1704 2673 1745 a
2724 1679 2913 1747 nobis

377 1789 469 1852 sic
513 1787 824 1852 traditum
871 1792 936 1852 et
981 1809 1358 1853 concessum
1410 1787 1612 1853 fuisse
1656 1789 2042 1853 meminerit.
2134 1789 2497 1854 Dicendum
2544 1793 2659 1872 est,
2722 1789 2910 1873 quod,

374 1896 531 1961 licet
574 1895 921 1960 maximam
975 1895 1117 1961 fore
1164 1895 1688 1961 conformitatem
1744 1901 1811 1988 et
1864 1896 2355 1961 similitudinem
2412 1897 2587 1962 inter
2638 1897 2913 1980 primam

377 2008 443 2068 et
487 2009 784 2068 octavam
831 2009 893 2086 (A
926 2021 986 2072 81
1021 2033 1144 2084 pag.
1182 2008 1264 2087 18)
1311 2005 1796 2087 asseruerimus,
1851 2005 1921 2070 111
1966 2006 2262 2070 acumine
2316 2010 2537 2071 tamen
2585 2009 2650 2069 et
2702 2007 2916 2091 gravi-

374 2116 510 2177 tate
560 2135 666 2176 eas
715 2112 971 2177 differre
1015 2135 1368 2197 numquam
1411 2116 1592 2195 ne-(A
1624 2129 1691 2179 80
1721 2142 1845 2193 pag.
1887 2115 2285 2199 18)gavimus.
2363 2113 2575 2198 Igitur
2621 2116 2685 2178 et
2732 2113 2917 2177 diffe-

375 2219 652 2285 rentiam
695 2220 868 2284 inter
914 2242 1022 2285 eas
1084 2225 1151 2285 et
1196 2207 1685 2286 similitudinem
1732 2222 2331 2288 demonstravimus.
2423 2220 2586 2286 Cum
2642 2222 2915 2286 eandem

378 2327 666 2392 litteram
697 2328 987 2392 vocalem
1017 2328 1266 2393 scilicet
1295 2350 1337 2393 a
1375 2330 1728 2412 posuimuS,
1777 2329 2267 2394 similitudinem
2300 2334 2365 2394 et
2394 2328 2915 2396 conformitatem

374 2435 802 2516 ostendimus3
867 2436 982 2501 sed
1025 2436 1262 2500 litteris
1307 2436 1472 2518 aliis,
1538 2436 1662 2502 hoc
1723 2443 1824 2502 est
1866 2459 1900 2501 s
1952 2437 2021 2501 in
2078 2437 2395 2521 principio
2451 2441 2564 2502 aut
2621 2443 2660 2520 t,
2725 2437 2913 2502 diffe-

373 2543 651 2607 rentiam
684 2543 994 2608 acuminis
1042 2548 1107 2608 et
1137 2544 1478 2630 gravitatis
1508 2544 1933 2628 patefecimus
1966 2545 2227 2632 cognita
2274 2551 2494 2610 eorum
2525 2544 2909 2624 differentia,

374 2650 678 2734 quoniam
729 2672 927 2737 grave
984 2655 1102 2733 est,
1163 2673 1308 2716 cum
1369 2675 1445 2716 ex
1502 2652 1824 2736 profundo
1881 2655 2161 2737 pectoris
2220 2652 2567 2720 attrahitur
2627 2654 2909 2738 spirituS,

374 2762 634 2822 acutum
665 2779 836 2841 vero,
886 2780 1031 2823 cum
1080 2782 1157 2823 ex
1191 2760 1321 2825 oris
1367 2761 1702 2844 superficie
1754 2783 1949 2826 sonus
1984 2763 2317 2827 emittitur.
2397 2761 2655 2840 Quanto
2702 2761 2912 2847 magis

372 2866 542 2930 circa
585 2867 958 2950 pulmonem
1002 2866 1384 2951 profundior
1427 2867 1500 2931 fit
1543 2868 2008 2953 pronuntiatio,
2055 2875 2239 2935 tanto
2286 2874 2475 2935 sonat
2518 2869 2796 2956 graviuS,
2849 2874 2914 2934 et

374 2979 615 3059 quanto
659 2975 1186 3059 appropinquiori
1220 2975 1522 3040 dentibus
1566 2976 1710 3041 loco
1744 2977 1943 3060 venit,
1990 2981 2174 3043 tanto
2220 2983 2410 3044 sonat
2455 2977 2723 3044 acutius.
2803 2977 2912 3043 Sic

374 3104 528 3168 ergo
579 3088 604 3146 t
644 3083 867 3147 littera
910 3084 1130 3147 iuncta
1185 3105 1331 3148 cum
1375 3105 1418 3147 a
1477 3107 1552 3148 ex
1598 3088 1904 3150 contactu
1957 3084 2220 3171 linguae
2278 3089 2342 3150 et
2399 3085 2693 3151 clausura
2754 3086 2912 3149 den-

372 3191 536 3255 tium
580 3191 720 3255 fieri
767 3192 1230 3277 cognoscimus
1327 3190 1458 3256 Sed
1500 3213 1532 3256 s
1586 3192 1807 3256 iuncta
1870 3214 2015 3256 cum
2058 3213 2102 3257 a
2161 3216 2238 3258 ex
2298 3193 2732 3277 applicatione
2786 3193 2912 3257 lin-

371 3321 537 3384 guae
597 3299 678 3362 ad
734 3299 1025 3382 palatum
1077 3298 1354 3383 proferri
1406 3321 1538 3364 non
1594 3300 1981 3365 dubitamus.
2082 3300 2498 3366 Manifestum
2556 3302 2757 3387 igitur
2813 3305 2911 3365 est

376 3428 455 3470 ex
510 3406 698 3471 dictis
759 3408 969 3492 magis
1023 3429 1220 3493 grave
1275 3410 1375 3473 sal
1437 3430 1573 3473 esse
1639 3430 1832 3492 quam
1896 3415 2011 3474 tas,
2123 3408 2371 3487 Quodsi
2436 3409 2778 3495 gravitatis
2846 3413 2911 3473 et

376 3515 690 3579 acuminis
745 3514 1176 3580 differentiam
1235 3515 1303 3579 in
1366 3516 1730 3599 prolatione
1785 3518 1810 3581 l
1866 3521 1932 3582 et
1981 3539 2015 3581 s
2070 3517 2139 3581 in
2197 3517 2325 3582 fine
2388 3516 2677 3601 syllabae
2736 3516 2912 3601 posi-

369 3627 584 3686 tarum
650 3624 1151 3707 perpendamuS,
1223 3617 1832 3689 convenientissime
1904 3649 1943 3689 a
2007 3625 2196 3690 nobis
2255 3624 2457 3689 talem
2514 3623 2909 3689 locutionem

370 3731 611 3795 factam
651 3731 999 3796 constabit.
1078 3730 1356 3815 Liquida
1402 3731 1573 3797 enim
1617 3731 1840 3797 littera
1884 3735 1909 3797 l
1948 3730 2334 3798 naturaliter
2368 3753 2634 3818 gravem
2679 3753 2909 3796 sonum

373 3838 631 3920 emittit,
680 3839 1031 3922 spissitudo
1063 3842 1281 3904 autem
1310 3838 1567 3904 litterae
1597 3861 1630 3903 s
1663 3840 1847 3924 quasi
1878 3841 2149 3906 sibilans
2193 3842 2263 3906 in
2293 3862 2566 3906 acumen
2596 3841 2904 3951 ascendit.

373 3944 583 4011 Sibilo
632 3946 803 4010 enim
845 3946 1026 4011 nulla
1071 3969 1196 4010 vox
1243 3948 1492 4011 acutior
1538 3951 1688 4012 est2.

545 4225 559 4258 ¹
599 4222 650 4275 A
675 4221 744 4276 80
782 4225 847 4276 ut
882 4223 1162 4278 volumus.

539 4307 563 4344 2
598 4308 648 4361 A
673 4307 742 4360 81
779 4309 872 4363 est
906 4308 1142 4363 acutior.
