3592 5509
1333 433 1760 498 -67-

276 607 463 670 tenor
508 607 594 670 sit
636 606 681 689 f
700 627 731 670 e
760 607 810 690 f,
870 628 1184 693 organum
1246 607 1368 672 erit
1422 609 1461 671 k
1490 609 1529 670 k
1557 609 1612 671 k.
1708 606 1986 685 Quidam
2040 628 2216 672 vero·
2244 607 2419 672 istud
2470 607 2821 691 prohibent

279 713 527 778 scilicet
572 735 885 799 organum
930 736 1047 798 per
1089 719 1222 779 tres
1266 719 1468 779 notas·
1509 714 1577 779 in
1635 715 1864 780 eodem
1916 737 2075 780 sono
2121 699 2371 803 sagari,
2432 738 2821 802 quamquam

278 821 525 906 species
570 822 701 886 sint
746 821 1067 901 diversae3
1124 821 1345 887 dicunt
1388 827 1654 906 propter
1697 822 1840 904 hoc,
1899 824 2050 906 quia
2097 826 2596 908 contrapunctus
2642 825 2820 891 vide-

277 934 455 994 retur
501 951 641 994 esse
687 933 914 994 cantus
974 928 1211 994 firmus.
1305 930 1435 994 Sed
1486 929 1663 995 istud
1718 930 1983 996 minime
2039 931 2274 1014 obstat,
2335 932 2485 1016 quia
2547 938 2819 1018 utraque

278 1058 403 1101 vox
434 1037 637 1103 -recte
694 1037 819 1102 dici
872 1042 1094 1121 posset
1147 1059 1462 1124 organum
1524 1043 1592 1102 et
1642 1042 1860 1122 tenor,
1932 1059 2077 1103 cum
2143 1039 2436 1104 notulam
2497 1040 2821 1127 integram

278 1145 622 1230 utrobique
666 1167 999 1229 ponamus.
1089 1144 1217 1211 Sed
1266 1147 1417 1229 quia
1462 1147 1543 1211 ab
1589 1169 1711 1210 usu
1756 1147 2081 1211 communi
2126 1146 2454 1212 discedere
2497 1148 2817 1232 nolumus,

281 1250 450 1333 quod
494 1271 626 1314 non
669 1249 913 1315 faciant
958 1271 1104 1314 cum
1166 1249 1257 1314 eis
1315 1250 1779 1315 concordantes
1833 1249 2278 1333 prohibemus,
2339 1251 2588 1318 scilicet
2649 1255 2822 1337 quod

279 1359 451 1423 ultra
498 1359 655 1422 duas
698 1357 957 1423 notulas
1001 1380 1133 1423 non
1181 1359 1471 1443 quiescat
1516 1379 1832 1443 organum
1875 1357 1945 1421 in
1991 1359 2219 1423 eodem
2263 1381 2442 1424 sono.
2531 1360 2707 1447 Ergo
2751 1361 2822 1426 in

282 1466 575 1550 exemplo
606 1465 989 1550 praehabito
1037 1466 1209 1530 dicat
1251 1467 1295 1530 h
1323 1468 1362 1530 k
1391 1468 1444 1529 k.
1526 1464 1715 1542 Quod
1760 1469 1976 1530 autem
2020 1467 2215 1531 tertia
2259 1468 2465 1532 maior
2509 1469 2592 1533 ad
2637 1471 2822 1554 quin-

277 1579 411 1639 tam
456 1575 815 1660 disgreget,
880 1574 970 1639 sic
1020 1573 1551 1658 exemplificatur:
1614 1574 1716 1638 Sit
1766 1579 1956 1638 tenor
2008 1575 2051 1637 h
2074 1595 2119 1658 9
2146 1575 2195 1658 f,
2259 1597 2573 1662 organum
2625 1579 2665 1641 k
2701 1589 2729 1672 ξ
2760 1579 2815 1641 Ic.

284 1682 693 1766 Quapropter
737 1681 1095 1747 cavendum
1141 1681 1309 1746 sicut
1352 1683 1418 1745 in
1466 1686 1679 1757 sexta;
1742 1680 1799 1744 si
1841 1685 2030 1746 tenor
2074 1684 2440 1759 cantaverit·
2468 1705 2513 1768 9
2541 1707 2573 1748 e
2601 1686 2660 1766 d,
2718 1707 2821 1749 or-

282 1812 520 1875 ganum
564 1811 695 1854 non
739 1789 938 1854 faciet
976 1811 1019 1873 9
1042 1810 1085 1872 9
1114 1790 1172 1871 h,
1236 1790 1351 1853 sed
1394 1789 1611 1872 potius
1656 1811 1688 1852 e
1709 1810 1754 1873 9
1781 1791 1825 1854 Iz
1871 1793 1982 1854 aut
2025 1796 2058 1888 η
2089 1811 2132 1873 9
2160 1791 2229 1872 h,
2291 1795 2356 1855 et
2407 1813 2438 1855 e
2461 1813 2504 1875 9
2562 1792 2820 1857 ditonus

284 1902 381 1961 est
438 1902 502 1962 et
556 1909 584 1990 ξ
617 1919 660 1981 9
714 1897 1156 1962 semiditonus,
1249 1896 1334 1961 Et
1386 1897 1479 1960 sic
1539 1895 1816 1961 efficitur
1869 1897 2064 1961 tertia
2116 1898 2325 1962 maior
2381 1911 2531 1963 'cum
2578 1902 2700 1980 (pag
2733 1903 2818 1982 55)

279 2010 523 2087 tenore,
587 2005 891 2088 quoniam
931 2026 974 2088 9
1020 2005 1309 2069 elevatur
1351 2004 1612 2088 proprio
1633 2008 1654 2048 1
1702 2008 1785 2086 et,
1842 2003 1897 2067 si
1957 2004 2347 2089 depingitur,
2405 2005 2698 2093 signetur
2747 2012 2822 2071 ut

281 2135 490 2196 supra.
584 2113 765 2177 Idem
822 2135 1105 2197 quoque,
1166 2113 1220 2176 si
1280 2113 1529 2177 dicatur
1580 2112 1625 2195 f
1644 2113 1688 2176 d
1716 2133 1774 2194 c,
1835 2134 2150 2196 organum
2202 2113 2246 2196 f
2262 2113 2307 2196 f
2318 2134 2363 2197 9
2417 2136 2546 2179 non
2604 2114 2817 2179 faciet.

284 2220 535 2286 Poterit
586 2225 806 2284 tamen
849 2219 973 2285 hoc
1018 2219 1232 2285 facere
1277 2221 1320 2284 Jz
1347 2221 1392 2304 f
1405 2242 1448 2304 9
1493 2225 1604 2284 aut
1647 2221 1693 2283 d
1718 2220 1762 2303 f
1774 2240 1818 2302 9
1872 2223 1937 2283 et
1980 2223 2200 2284 tamen
2243 2222 2286 2285 Jz
2313 2221 2358 2304 f
2400 2222 2823 2287 semiditonus

283 2331 407 2410 est,
484 2329 528 2392 d
567 2329 612 2412 f
666 2350 817 2392 vero
886 2328 1162 2392 ditonus.
1280 2327 1467 2405 Quod
1532 2327 1589 2391 si
1656 2328 2071 2412 depingatur,
2144 2327 2338 2393 debet
2411 2329 2502 2393 sic
2576 2329 2821 2415 signari

276 2436 685 2652 Ἐξ.
796 2513 983 2591 Quod
1050 2518 1265 2578 autem
1337 2512 1531 2576 tertia
1604 2514 1817 2578 minor
1879 2512 2230 2599 coniungat
2293 2535 2606 2599 organum
2676 2536 2820 2579 cum

279 2697 525 2774 tenore,
584 2694 791 2774 patet3
850 2691 905 2754 si
950 2694 1140 2754 tenor
1185 2689 1355 2754 dicat
1397 2690 1441 2773 f
1460 2711 1491 2752 e
1520 2689 1571 2772 f,
1630 2689 1873 2772 optime
1921 2694 2109 2755 sonat
2151 2691 2194 2754 Jz
2217 2711 2260 2773 9
2288 2689 2336 2773 f.
2433 2687 2541 2754 Sic
2603 2689 2818 2773 etiam,

282 2799 337 2862 si
393 2803 581 2863 tenor
637 2798 722 2862 sit
779 2799 824 2882 f
836 2819 879 2881 9
908 2799 975 2876 h,
1042 2819 1356 2883 organum
1400 2799 1439 2860 k
1476 2820 1508 2870 9
1537 2798 1610 2880 h,
1669 2818 1800 2860 non
1854 2801 2071 2862 tamen
2125 2799 2164 2861 k
2198 2806 2231 2894 g
2260 2797 2319 2861 h.
2415 2796 2823 2882 Quapropter

281 2908 654 2989 cavendum,
702 2908 757 2971 si
787 2910 976 2971 tenor
1006 2905 1092 2968 sit
1133 2905 1178 2988 f
1195 2905 1240 2988 f
1251 2926 1312 2988 9,
1362 2926 1674 2990 organum
1715 2925 1847 2968 non
1891 2903 2090 2970 faciat
2133 2906 2172 2968 k
2200 2906 2243 2969 Jz
2266 2926 2327 2989 9,
2378 2909 2489 2969 aut
2533 2907 2588 2969 si
2633 2911 2824 2972 tenor

282 3015 368 3079 sit
405 3036 448 3098 9
471 3036 514 3098 9
541 3016 609 3097 h,
670 3036 985 3099 organum
1029 3035 1158 3077 non
1202 3011 1402 3076 faciat
1446 3013 1469 3076 l
1502 3035 1534 3108 η
1564 3014 1631 3093 h,
1696 3013 1864 3076 bene
1927 3017 2147 3077 tamen
2205 3014 2294 3089 lb
2323 3014 2380 3077 h.
2477 3012 2547 3077 Si
2603 3018 2820 3078 autem

279 3129 470 3187 tenor
524 3122 817 3205 psallerit
870 3119 995 3185 hoc
1049 3121 1241 3184 modo
1289 3141 1332 3203 9
1360 3121 1404 3204 f
1416 3141 1477 3203 9,
1538 3119 1781 3202 poterit
1841 3141 2154 3205 organum
2204 3120 2417 3185 facere
2472 3142 2515 3204 9
2544 3123 2587 3186 Jz
2611 3143 2654 3205 9
2711 3126 2822 3186 aut

280 3239 313 3327 η
349 3233 392 3296 Jz
415 3252 478 3314 9,
526 3231 829 3314 quoniam
862 3228 977 3293 illa
1006 3229 1218 3310 tertia,
1270 3229 1391 3292 etsi
1434 3227 1642 3291 maior
1686 3228 2000 3309 videatur,
2049 3227 2499 3293 subintellecte
2548 3229 2823 3294 efficitur

280 3339 509 3404 minor.
600 3336 784 3402 Istud
828 3342 1047 3400 tamen
1096 3337 1173 3400 de
1219 3337 1414 3400 tertia
1457 3335 1689 3400 maiori
1736 3340 1848 3400 aut
1891 3336 2125 3400 minori
2173 3336 2464 3420 plerique
2518 3360 2649 3402 non
2707 3338 2820 3403 ob-

283 3451 557 3527 servant,
606 3450 870 3528 propter
915 3445 1086 3528 quod
1134 3465 1354 3508 eorum
1402 3443 1922 3527 conlpositioneS,
1978 3443 2098 3507 etsi
2143 3444 2351 3526 prima
2396 3445 2562 3510 facie
2610 3446 2809 3511 delec-

281 3559 441 3636 tent,
490 3554 641 3637 quia
685 3553 977 3617 inaudita
1026 3555 1124 3615 est
1169 3551 1510 3634 cantilena,
1570 3575 1715 3616 cum
1762 3553 1844 3616 ad
1888 3551 2392 3634 frequentiorem
2438 3575 2624 3616 usum
2669 3575 2821 3618 con-

282 3662 602 3743 feruntur,
666 3661 737 3724 in
781 3661 916 3724 dies
978 3660 1187 3746 magis
1244 3681 1316 3724 ac
1369 3659 1579 3744 magis
1640 3659 2055 3742 displicent*,
2122 3663 2185 3723 et
2236 3659 2542 3745 ignorant
2596 3682 2819 3724 causas

283 3774 577 3835 cantores
626 3773 690 3834 et
732 3768 871 3852 haS,
921 3789 1079 3852 quas
1128 3767 1423 3850 diximus,
1474 3773 1537 3832 et
1582 3767 1761 3849 aliaS,
1827 3789 1986 3851 quas
2032 3767 2110 3831 de
2158 3766 2579 3833 diminutione
2624 3767 2822 3852 paulo

279 3882 429 3961 post
474 3877 776 3941 dicemus.
844 3912 855 3920 -

459 3984 565 4050 Sic
607 3985 810 4070 igitur
855 3988 1355 4066 contrapunctus
1414 3982 1493 4046 ad
1548 3983 1830 4065 speciem
1887 3982 2412 4065 propinquiorem
2477 3982 2670 4046 debet
2721 3982 2821 4047 in-

284 4093 531 4174 cedere,
579 4098 651 4156 ut
684 4115 721 4156 a
750 4097 931 4156 sexta
969 4093 1039 4155 in
1086 4096 1376 4156 octavam
1422 4090 1527 4154 vel
1571 4090 1640 4154 in
1688 4090 1998 4174 quintam,
2046 4113 2084 4154 a
2129 4090 2322 4154 tertia
2365 4090 2435 4153 in
2478 4089 2822 4154 unisonum

284 4200 388 4265 vel
445 4201 512 4264 in
574 4199 893 4283 quintam3
968 4203 1034 4262 et
1090 4197 1182 4262 sic
1244 4199 1321 4262 dc
1378 4198 1715 4281 speciebus
1773 4197 2147 4281 compositis
2205 4219 2279 4262 ac
2344 4197 2818 4282 decompositis.

285 4307 414 4373 Sed
478 4308 822 4391 aliquando
888 4293 1201 4392 organum
1263 4305 1499 4388 psallat
1560 4328 1677 4388 per
1742 4304 2143 4370 diatessaron
2208 4309 2272 4369 et
2342 4305 2643 4389 diapente
2709 4309 2822 4370 aut

460 4559 477 4593 ¹
514 4554 685 4609 Steht
718 4554 811 4608 fur
846 4572 882 4608 a
910 4552 1140 4622 proprio
1176 4553 1299 4606 loco,

456 4643 485 4677 *
524 4640 825 4696 Sententia
864 4642 954 4694 est
990 4638 1322 4695 Aristotelis
1362 4639 1421 4692 in
1460 4637 1919 4708 problematibus
1945 4637 2349 4708 praeauditum
2377 4641 2610 4693 cantum
2634 4637 2822 4708 magis

285 4727 589 4783 delectare.

2341 4829 2406 4881 5*
