3592 5509
1390 455 1824 520 —91-

335 650 459 693 vox
518 629 798 693 debebat
856 627 1125 710 elevari,
1192 628 1643 712 deprimatur1‚
1699 632 1773 692 ut
1807 627 1985 692 'fecit
2043 628 2400 693 Bus'nois:
2461 627 2880 712 Antzpmasis

340 737 654 800 tenorixat
676 729 839 811 ὑπό,
886 737 1042 800 dum
1076 737 1193 800 ἐπί
1212 736 1695 820 Ρὴτῆοφιρίκαΐῖ,
1744 735 1926 800 cuius
1957 735 2280 801 sententia
2311 739 2436 800 est:
2483 736 2598 801 fiat
2627 717 2880 817 subtus,

338 845 509 929 quod
554 866 749 928 supra
794 847 935 908 erat
976 843 1258 908 fiendum
1308 847 1372 908 et
1430 865 1465 907 e
1523 848 1765 909 contra.
1860 843 2201 909 Similiter:
2261 845 2310 908 Ι
2308 845 2374 908 bi
2431 845 2616 910 thesis
2673 845 2886 910 assint

336 957 567 1036 ceptra,
614 952 729 1015 uba·
769 952 938 1015 arsis
980 957 1042 1016 et
1083 973 1115 1016 e
1158 956 1401 1034 contra,
1456 948 1571 1015 ubi
1614 951 1684 1015 in
1727 955 1985 1016 tantum
2029 973 2154 1017 vox
2202 950 2510 1036 elevatur,
2563 953 2632 1016 in
2679 973 2880 1035 quan-

334 1065 473 1124 tum
507 1059 927 1143 deprimenda
975 1059 1333 1124 videbatur.
1412 1058 1777 1144 Aliquando
1827 1082 1904 1124 ex
1949 1081 2078 1124 una
2123 1081 2284 1124 voce
2326 1059 2492 1124 aliae
2535 1059 2882 1146 insurgunt

336 1167 404 1231 in
448 1167 607 1252 fuga
665 1172 777 1230 aut
830 1166 901 1231 in
954 1166 1228 1232 unisono
1282 1167 1388 1232 vel
1440 1167 1509 1230 in
1564 1166 1966 1232 diatessaron
2021 1171 2133 1232 aut
2187 1168 2490 1251 diapente
2561 1168 2756 1232 etiam
2811 1168 2878 1230 in

341 1275 669 1358 diapason,
728 1279 801 1338 ut
846 1274 1123 1339 diximus
1165 1296 1285 1340 nos
1328 1275 1399 1339 in
1446 1275 1725 1358 quodam
1777 1297 1970 1340 versu
2022 1274 2424 1360 magnificat:
2493 1275 2684 1358 Fuya
2726 1275 2883 1338 duo-

334 1404 489 1447 rum
532 1385 815 1447 unisona
856 1403 1127 1447 numero
1171 1385 1412 1448 salvato
1454 1383 1755 1467 perfecto.
1846 1382 1968 1448 Est
2027 1384 2198 1448 enim
2256 1386 2509 1448 tantum
2567 1404 2694 1447 vox
2752 1403 2881 1446 una

339 1497 404 1556 et
447 1495 598 1574 post
640 1490 924 1555 morulas
970 1513 1083 1555 sex
1124 1492 1194 1555 in
1241 1491 1468 1556 eodem
1514 1511 1675 1555 sono
1724 1513 1866 1554 eam
1921 1489 2213 1574 sequitur
2267 1490 2489 1556 altera.
2580 1489 2878 1554 Diximus

339 1600 534 1664 etiam
579 1599 647 1664 in
692 1601 919 1682 missa,
980 1619 1170 1682 quam
1217 1596 1656 1663 Salmantiae3
1700 1599 2206 1682 composuimus,
2269 1598 2420 1662 dum
2463 1599 2766 1663 Boetium
2808 1597 2878 1662 in

337 1707 579 1772 musica
624 1705 1015 1793 legeremus:
1074 1708 1377 1772 medietas
1436 1707 1817 1770 harmonica
1870 1707 1999 1790 fiat
2051 1711 2114 1770 et
2166 1706 2474 1789 quaelibet
2511 1727 2636 1770 voa:
2677 1727 2879 1770 suum

334 1836 687 1879 numerum
713 1815 924 1878 salvet.
1001 1814 1345 1878 Praecedit
1375 1814 1546 1878 enim
1576 1814 1787 1897 prima
1831 1835 1975 1896 vox,
2023 1813 2154 1879 alia
2196 1835 2352 1878 vero
2399 1817 2544 1878 octo
2589 1812 2880 1896 pausatis

333 1924 403 1986 in
448 1923 722 1988 unisono
772 1923 1063 2006 sequitur
1105 1921 1307 2004 illam,
1356 1944 1518 2006 quae
1562 1943 1697 1986 non
1740 1917 1941 1987 habet
1986 1922 2474 2006 proportionem
2514 1944 2659 1986 cum
2691 1921 2819 1986 alia
2832 1927 2877 2003 4,

260 2069 264 2078 ·
336 2032 418 2095 ad
465 2053 659 2114 quam
699 2030 885 2094 fieret
928 2029 1181 2094 relatio.
1276 2027 1486 2106 Quam
1540 2031 1832 2114 sequitur
1883 2030 2012 2094 alia
2071 2035 2222 2114 post
2275 2051 2388 2096 sex
2443 2029 2760 2095 inchoans
2810 2029 2879 2094 in

335 2140 738 2204 diatessaron
780 2138 1069 2202 inferius.
1154 2138 1303 2202 Alia
1348 2159 1502 2203 vero
1550 2142 1827 2222 quatuor
1870 2140 2221 2222 spectando
2266 2138 2532 2204 inchoat
2577 2138 2879 2222 diapente

334 2248 455 2312 sub
498 2248 643 2328 ista,
694 2245 1008 2329 diapason
1051 2268 1206 2311 vero
1252 2246 1372 2311 sub
1417 2246 1644 2330 prima.
1722 2246 1807 2310 Et
1851 2247 1946 2311 sio
1993 2251 2270 2330 quatuor
2311 2247 2580 2312 flumina
2627 2269 2704 2311 ex
2747 2267 2876 2310 uno

333 2354 515 2419 fonte
550 2355 957 2418 emanabant.
1036 2353 1166 2418 Sed
1194 2353 1264 2418 in
1308 2358 1556 2419 moteto
1591 2355 1690 2418 Tu
1719 2356 1938 2418 lumen
1951 2360 1995 2435 ⁵,
2041 2355 2157 2420 ubi
2198 2356 2558 2439 posuimus:
2607 2355 2694 2419 1η
2727 2375 2878 2438 pm·-

330 2463 600 2545 fectc‘mze
643 2463 1075 2526 *minimorum
1107 2484 1229 2547 per
1274 2464 1404 2526 tria
1440 2483 1675 2546 ysne-ra
1717 2464 1983 2528 canitur
2025 2465 2338 2528 melorum
2353 2464 2409 2545 *‚
2460 2462 2632 2546 quod
2661 2464 2878 2526 Bono-

331 2569 497 2651 niae,
549 2571 702 2634 dum
731 2569 988 2653 publice
1028 2569 1411 2655 legeremuS,
1463 2571 1960 2654 composuimuS,
2007 2570 2474 2636 insinuavimus
2521 2569 2879 2655 quamlibet

332 2678 623 2743 notulam
653 2700 771 2761 per
796 2673 1083 2761 'syllabas
1114 2678 1184 2741 in
1213 2677 1403 2742 lineis
1438 2682 1503 2742 et
1532 2677 1759 2763 spatiis
1809 2678 2148 2743 denotatas
2189 2678 2230 2742 6
2269 2700 2604 2742 mensuras
2635 2677 2874 2760 valere,

334 2788 501 2852 siout
530 2788 587 2850 si
619 2777 743 2850 hoc
794 2801 842 2857 (ζ
904 2791 1077 2850 esset
1120 2787 1395 2872 signum.
1475 2785 1796 2864 Quoniam
1840 2808 2044 2870 pausa
2088 2787 2399 2870 temporis
2443 2786 2513 2850 in
2559 2785 2876 2870 principio

330 2895 613 2979 ponitur,
676 2899 744 2958 et
784 2895 931 2959 ideo
977 2916 1401 2978 unaquaeque
1448 2893 1698 2978 syllaba
1741 2917 1941 2959 unum
2000 2900 2255 2978 tempus
2318 2895 2602 2958 denotat.
2696 2892 2876 2969 Quae

331 3024 486 3067 vero
543 3002 675 3067 sint
728 3003 856 3066 tria
911 3024 1154 3088 genera
1214 3002 1556 3084 melorum,
1629 3002 1905 3066 diximus
1960 3002 2031 3066 in
2087 3002 2294 3086 prima
2349 3006 2534 3085 parte
2596 3005 2877 3066 tractatu

332 3110 637 3195 [secundo
706 3109 989 3194 capitulo
1059 3113 1320 3194 sexto]⁶.
1418 3110 1587 3174 Nam
1655 3112 1908 3175 canitur
1972 3115 2097 3175 ter:
2168 3112 2380 3194 prima
2444 3111 2584 3175 vice
2649 3108 2877 3174 notula

334 3219 617 3282 secunda
664 3219 953 3282 elevatur
997 3243 1034 3282 a
1077 3219 1287 3302 prima
1338 3240 1455 3302 per
1508 3217 2048 3300 trihemitonium,
2103 3217 2175 3283 in
2233 3219 2514 3283 secunda
2564 3219 2704 3282 vice
2760 3239 2878 3300 per

330 3330 559 3390 tonum
606 3331 671 3390 et
712 3327 783 3391 in
826 3327 1022 3391 tertia
1065 3348 1184 3410 per
1228 3324 1660 3390 semitonium.

506 3435 688 3499 Alios
747 3456 899 3499 vero
960 3456 1152 3518 quam
1204 3433 1517 3517 plurimos
1575 3455 1855 3498 canones
1912 3434 2205 3499 terminis
2267 3435 2550 3499 musicae
2617 3436 2876 3498 utentes

332 3542 830 3626 composuimus.
932 3542 1072 3607 Hoc
1132 3541 1304 3606 enim
1358 3543 1637 3607 maiores
1690 3542 1897 3606 nostri
1960 3546 2434 3607 consueverunt
2497 3541 2740 3624 facere,
2804 3545 2878 3605 ut

333 3672 515 3714 suam
563 3650 921 3714 doctrinam
967 3651 1109 3734 (pag.
1147 3653 1231 3730 74)
1281 3653 1346 3713 et
1389 3649 1893 3736 intelligentiam
1940 3651 2474 3715 demonstrarent.
2553 3649 2730 3726 Quos
2773 3648 2876 3713 in-

333 3756 509 3822 docti
537 3757 781 3821 imitari
825 3757 1119 3822 volentes
1165 3778 1446 3822 canones
1490 3762 1742 3841 ponunt
1785 3780 1902 3822 sua
1947 3757 2228 3822 fantasia
2274 3755 2553 3842 fulcitoS,
2604 3778 2877 3841 quornm

332 3865 583 3930 nullum
613 3865 719 3929 hic
748 3887 1006 3949 ponam,
1038 3870 1112 3929 ut
1133 3864 1447 3929 memoria
1470 3869 1703 3947 careat,
1733 3867 1907 3950 quod
1929 3888 2059 3930 non
2085 3870 2185 3931 est
2205 3867 2526 3931 imbutum
2560 3866 2871 3930 doctrina.

505 3973 637 4037 Alii
680 3995 835 4038 vero
881 3995 1102 4038 sacrae
1150 3973 1504 4057 scripturae
1552 3974 1973 4058 appropriant
2016 3976 2276 4040 modum
2321 3973 2713 4058 procedendi
2772 3976 2872 4036 ut:

330 4081 741 4145 Descendant
787 4083 864 4144 in
909 4082 1325 4165 profundum
1376 4083 1568 4164 quasi
1617 4083 1800 4166 lapis,
1903 4083 2304 4149 Profundum
2355 4083 2424 4144 in
2476 4082 2721 4146 musica
2777 4083 2877 4146 est

334 4187 681 4253 cuiuslibet
724 4188 901 4253 vocis
947 4210 1063 4252 sua
1109 4193 1338 4253 octava
1379 4189 1670 4253 inferius.
1763 4189 1894 4254 Sed
1943 4213 1976 4254 e
2023 4195 2246 4256 contra
2292 4212 2437 4254 cum
2483 4189 2664 4253 dicit:
2716 4188 2876 4252 Sus-

322 4297 675 4380 pendimus
705 4317 950 4380 orycma
976 4303 1217 4361 nostra.
1293 4297 1431 4361 Nos
1462 4299 1660 4361 etiam
1696 4320 1917 4362 sacrae
1964 4286 2317 4380 scripturae
2366 4317 2645 4361 canones
2691 4296 2876 4360 attri-

505 4573 523 4609 1
561 4569 919 4640 deprimitur.
1164 4572 1186 4608 ²
1222 4570 1573 4641 antiphrasis
1612 4570 1940 4626 thenorizat
1975 4571 2102 4641 ipos
2142 4572 2278 4626 dum
2315 4569 2719 4642 epiptonzizat.

501 4658 526 4696 3
562 4656 883 4711 salmansie.
1163 4659 1188 4694 4
1222 4657 1433 4726 aliqua.
1692 4660 1717 4697 5
1749 4657 1878 4728 Vgl.
1921 4658 2172 4728 Anhang
2204 4659 2299 4712 III.
2552 4659 2578 4696 6
2611 4660 2717 4713 tra.
2754 4663 2802 4710 4.

503 4745 533 4778 *
572 4743 861 4798 Obscurus
900 4760 1086 4798 canon
1124 4747 1184 4798 et
1218 4744 1527 4801 admodum
1564 4743 1891 4800 sententiae
1931 4745 2214 4799 dissonus.

2896 21 2907 25 -
2930 0 3592 28 -—-—.—..-..—fl
