3592 5509
1723 374 2198 438 -110-

690 551 915 612 frustra
958 552 1206 629 laboraS‚
1255 553 1537 612 videlicet
1580 553 1651 612 is.
1730 553 1951 613 Itidem
1995 551 2376 612 semitonium
2419 551 2577 610 inter
2606 569 2644 609 a
2675 553 2734 610 et
2763 550 2796 609 b
2824 551 3142 611 rotundam
3173 555 3234 611 et

690 661 899 716 tonum
943 657 1100 716 inter
1144 675 1182 715 a
1228 661 1289 717 et
1330 640 1365 732 ξ
1402 657 1753 734 quadratam
1796 658 1912 718 hoc
1952 656 2078 716 solo
2108 655 2344 715 nomine
2373 674 2566 732 vocaS,
2617 653 2895 715 videlicet
2925 661 3022 714 tur
3049 655 3122 730 ia,
3171 658 3233 714 et

690 758 774 819 sic
829 761 987 820 inter
1042 765 1255 820 tonum
1309 764 1370 820 et
1422 761 1804 822 semitonium
1857 760 2112 820 nullam·
2138 759 2530 819 differentiam
2585 758 2716 835 ipso
2769 759 3006 818 nomine
3063 759 3224 819 facis.

690 863 883 934 Quare
927 864 991 922 in
1035 884 1155 925 uno
1202 864 1662 942 superabundaS‚
1708 865 1773 923 in
1802 865 1920 923 alio
1951 882 2093 924 vero
2124 862 2425 922 astrictior
2453 881 2531 939 es,
2583 881 2720 922 cum
2757 862 2834 921 in·
2849 862 3044 922 medio
3075 865 3227 922 tam-

688 986 869 1043 quam
912 969 1198 1028 virtutem
1240 971 1395 1028 stare
1439 964 1666 1046 neges?
1744 967 1967 1028 Utrum
1997 967 2200 1027 vidisti
2236 967 2350 1027 hoc
2381 986 2416 1025 a
2443 965 2614 1026 bonis
2641 961 3030 1026 factitatum?
3080 965 3230 1026 our

685 1071 837 1130 hanc
882 1076 1072 1132 artem
1118 1073 1403 1150 optimam
1447 1073 1535 1133 ita
1578 1075 1845 1132 evertere
1891 1074 2084 1132 tentas
2099 1066 2133 1129 ⁴?
2210 1069 2361 1130 Nam
2405 1071 2469 1128 in
2499 1089 2599 1130 sex
2627 1069 2967 1129 nominibus
2995 1089 3226 1147 semper

688 1176 1068 1236 semitonium
1111 1179 1348 1238 tantum
1389 1177 1481 1235 mi
1521 1176 1590 1251 fa
1635 1177 1992 1253 appellatur,
2049 1174 2113 1233 in
2157 1174 2352 1234 tribus
2393 1192 2538 1234 vero
2583 1173 2642 1231 la
2682 1173 2768 1252 fa,
2825 1173 3095 1251 denique,
3153 1178 3226 1234 ut

686 1269 923 1341 Boetio'
956 1280 1215 1358 videtur,
1260 1281 1481 1358 hypate
1526 1281 1855 1358 parhypate
1909 1278 2064 1338 idest
2106 1278 2454 1354 principalis
2500 1279 2562 1336 et
2605 1277 2773 1336 iuxta
2813 1277 3222 1354 principalem.

690 1383 844 1442 Item
888 1385 990 1443 alii
1035 1384 1275 1460 quidem
1316 1385 1411 1444 usi
1457 1389 1597 1445 sunt
1652 1384 1729 1443 tri
1758 1402 1878 1460 pro
1921 1383 1990 1442 de
2033 1401 2144 1442 nos
2188 1387 2238 1441 te
2281 1381 2375 1460 ad,
2425 1401 2576 1458 quae
2621 1382 2858 1440 omnino
2905 1399 3003 1440 sex
3053 1385 3220 1456 sunt3

692 1489 1071 1549 semitonium
1112 1492 1311 1550 tamen
1354 1489 1511 1548 inter
1555 1488 1675 1546 duo
1718 1489 1960 1547 nomina
2005 1486 2360 1546 custoditur.
2437 1485 2500 1545 Si
2532 1485 2668 1561 quis
2696 1487 2898 1545 autem
2927 1484 3114 1546 dicat:
3163 1488 3226 1545 at

670 1593 788 1659 ,alii
833 1593 929 1652 usi
958 1596 1099 1652 sunt
1128 1596 1355 1670 septem
1388 1592 1670 1653 videlicet
1712 1610 1751 1649 a
1772 1590 1806 1649 b
1829 1609 1859 1649 c
1880 1591 1920 1649 d
1939 1609 1968 1649 e
1986 1591 2090 1667 fy,
2137 1591 2212 1649 ad
2240 1591 2355 1650 hoc
2386 1588 2701 1649 dicendum
2731 1592 2837 1666 est,
2889 1588 3051 1664 quod
3078 1589 3224 1648 haec

684 1697 922 1755 nomina
963 1697 1349 1756 materiarum
1394 1700 1536 1756 sunt
1565 1695 2083 1755 consonantiarum
2115 1697 2176 1760 et
2204 1693 2718 1770 dissonantiamm,
2768 1675 2920 1769 quae
2949 1692 3224 1751 materies

686 1799 929 1875 quidem
969 1819 1145 1860 voces
1183 1801 1280 1860 vel
1326 1800 1456 1860 soni
1502 1803 1579 1877 et,
1628 1803 1699 1857 ut
1737 1798 2017 1874 proprius
2058 1799 2290 1874 loquar,
2336 1797 2636 1875 phthongi
2665 1796 2965 1856 dicuntur.
3039 1795 3222 1855 Prae-

686 1902 959 1963 cedentes
1003 1923 1144 1964 vero
1176 1923 1246 1962 ex
1276 1903 1595 1964 earundem
1626 1901 1961 1962 officiorum
1990 1901 2089 1961 vel
2117 1901 2514 1961 accidentium
2543 1901 2977 1978 proprietatum
3007 1899 3222 1960 notitia

684 2008 843 2067 haud
888 2007 1067 2066 dubie
1112 2008 1392 2086 existunt,
1439 2012 1511 2067 ut
1553 2005 1875 2082 probatum
1921 2009 2028 2065 est.

1882 2298 2024 2370 ΙΙΙ.

856 2483 992 2548 Aus
1039 2482 1153 2548 der
1208 2481 1479 2548 Schrift:
1538 2481 1863 2566 Apologia
1916 2479 2267 2547 Franchini
2323 2480 2576 2564 Gafurii
2629 2480 2859 2547 Musici
2913 2482 3218 2546 adversus

683 2591 996 2655 Ioannem
1028 2589 1397 2674 Spatarium
1431 2595 1497 2656 et
1527 2589 1874 2674 complices
1905 2589 2186 2654 musicos
2215 2588 2661 2664 Bononienses
2693 2587 2980 2672 (Taurini
3007 2588 3213 2672 1520).

857 2704 1075 2764 Scribis
1103 2704 1350 2781 insuper
1371 2703 1762 2764 Laurentium
1785 2701 2036 2764 Gazium
2064 2721 2378 2762 monacum
2407 2701 2856 2762 Cremonensem
2884 2702 2947 2762 in
2977 2703 3222 2762 Musicis

680 2808 841 2867 haud
883 2808 1267 2868 mediocriter
1304 2809 1609 2868 eruditum
1638 2807 1713 2867 ad
1751 2810 1813 2866 te
1845 2806 2185 2866 adventasse
2216 2825 2284 2866 ac
2314 2805 2386 2864 de
2419 2824 2639 2866 canone
2675 2806 2783 2866 ino
2813 2808 3218 2884 praeceptoris

683 2912 776 2970 tui
820 2906 1125 2972 videlicet:
1174 2909 1252 2970 In
1268 2911 1620 2988 perfectione
1660 2910 2056 2969 minimormn
2086 2928 2198 2987 per
2242 2909 2361 2968 tria
2397 2927 2612 2984 yemra
2653 2909 2890 2968 casnimr
2930 2910 3220 2969 melorum

681 3015 955 3075 habuisse
1012 3035 1343 3076 sermonem
1374 3062 1387 3075 .
1424 3061 1437 3074 .
1475 3061 1489 3074 .
1559 3015 1646 3075 At
1701 3014 1917 3074 cantici
1960 3014 2151 3090 ipsius
2193 3013 2594 3090 praeceptoris
2638 3013 2731 3073 tui
2783 3013 2868 3071 Pa
2912 3012 3111 3072 lumen
3156 3018 3220 3072 tu

638 3195 644 3201 ·
680 3118 952 3194 splendor
982 3119 1197 3195 patrie,
1248 3118 1427 3196 quod,
1476 3118 1621 3177 dum
1665 3117 1970 3178 Bononiae
2017 3113 2386 3196 (illitteratus
2423 3108 2644 3196 tamen)
2688 3117 2926 3193 publice
2970 3119 3216 3196 legeret,

683 3223 1003 3299 adnotavit,
1050 3222 1274 3282 tenoris
1318 3223 1433 3282 hoc
1479 3222 1684 3282 ordine
1728 3221 2014 3303 descripti

1256 3320 2633 3442 i———g-——Wn——s—-E—

1257 3433 2187 3480 -OEtETZaessEL-E:

685 3569 896 3643 quarto
942 3567 1106 3625 tertii
1148 3568 1447 3643 practicae
1493 3587 1633 3626 suae
1679 3567 1992 3644 enigmatis
2038 3584 2321 3625 canonem
2349 3555 2450 3624 'sic
2496 3564 2834 3625 elucidavit.
2925 3565 3218 3642 Proponit

683 3671 842 3729 enim
885 3671 1213 3748 quamlibet
1254 3672 1530 3733 voculam
1572 3690 1681 3747 per
1724 3671 1980 3747 syllabas
2031 3670 2096 3728 in
2145 3669 2319 3728 lineis
2375 3671 2436 3728 et
2488 3668 2694 3744 spatiis
2754 3667 3060 3728 denotatas
3117 3689 3218 3729 sex

687 3792 991 3833 mensuras
1034 3776 1249 3853 valere,
1300 3775 1479 3834 sicuti
1523 3775 1573 3834 si
1618 3778 1770 3834 esset
1812 3775 1926 3834 hoc
1971 3774 2209 3852 signum
2259 3773 2308 3829 C
2322 3817 2337 3850 ,
2387 3773 2668 3848 quoniam
2710 3791 2896 3848 pausa
2935 3774 3222 3850 temporis

679 3879 742 3937 in
786 3879 1080 3956 principio
1125 3879 1390 3956 ponitur,
1452 3882 1512 3950 et
1554 3878 1687 3937 ideo
1732 3897 2124 3955 unaquaeque
2171 3876 2397 3954 syllaba
2438 3896 2628 3934 unum
2670 3879 2909 3953 tempus
2953 3876 3211 3936 denotat.

679 3981 829 4040 Nam
876 3984 1109 4042 canitur
1159 3986 1277 4043 ter:
1337 3983 1530 4060 prima
1571 3983 1700 4042 vice
1751 3983 1964 4042 notula
2017 3976 2273 4041 secunda
2326 3981 2592 4040 elevatur
2643 3999 2678 4038 a
2722 3979 2914 4056 prima
2955 4000 3065 4057 per
3105 3981 3220 4039 tri-

678 4086 1089 4165 hemitonium,
1144 4087 1207 4146 in
1260 4086 1518 4146 secunda
1568 4087 1698 4146 vice
1757 4106 1866 4163 per
1916 4090 2128 4145 tonum
2188 4087 2249 4143 et
2299 4085 2362 4143 in
2413 4084 2594 4144 tertia
2644 4103 2753 4160 per
2814 4083 3210 4143 semitonium.

681 4190 906 4261 Quodsi
949 4195 1124 4250 tenor
1166 4191 1292 4268 ipse
1336 4191 1400 4249 in
1443 4191 1806 4267 perfectione
1850 4190 2236 4249 minimorum
2278 4208 2386 4264 per
2425 4187 2542 4247 tria
2571 4207 2788 4265 genera
2825 4188 3060 4247 canitur
3089 4208 3215 4246 me-

676 4295 895 4372 lorum,
943 4294 1242 4372 quomodo
1290 4298 1467 4354 eruut
1494 4282 1807 4370 'perfectae
1852 4294 2130 4352 minimae
2149 4292 2190 4370 1,
2240 4311 2390 4369 quae
2435 4310 2731 4368 nusquam
2774 4295 2895 4352 tres
2923 4293 2986 4350 in
3015 4295 3215 4367 partes

856 4498 874 4534 1
911 4495 1041 4550 Wie
1081 4496 1168 4566 Sp
1186 4498 1391 4550 ataro
1430 4495 1491 4550 in
1530 4495 1719 4550 seiner
1755 4494 1974 4550 Schrift
2007 4493 2212 4548 Errori
2243 4495 2306 4548 de
2341 4491 2666 4577 Franchino
2698 4491 2934 4560 Gafurio
2957 4493 3030 4546 da
3052 4491 3207 4559 Lodi,

679 4579 850 4636 Error
884 4582 968 4649 35,
1008 4582 1251 4652 darIegt,
1288 4582 1424 4636 zielt
1452 4583 1551 4636 das
1577 4581 1745 4637 Wort
1769 4581 2138 4635 minimorum
2162 4581 2262 4634 des
2287 4579 2520 4633 Kanons
2558 4578 2729 4657 nicht
2745 4577 2850 4632 auf
2879 4577 2970 4632 die
2997 4577 3214 4633 Noten-

676 4667 824 4723 form
847 4668 1102 4737 minima,
1140 4668 1388 4724 sondern
1412 4667 1494 4723 ist
1517 4686 1585 4722 zu
1609 4668 1917 4724 verstehen
1945 4667 2030 4721 als
2055 4667 2424 4722 minimorum
2446 4666 2749 4736 signorum.
2787 4663 2892 4720 Die
2917 4664 3212 4719 kleinsten
