3592 5509
1730 407 2163 484 —28—

770 629 776 635 .
847 579 924 660 Si
973 584 1188 659 autem
1219 580 1424 660 lector
1467 602 1599 660 non
1642 582 1738 660 ita
1767 580 1960 658 facile
2006 601 2124 666 per
2149 581 2410 648 notulas
2440 585 2659 665 potest
2688 583 3042 649 discurrere
3076 603 3229 646 cum

678 689 854 769 ,vocis
916 688 1276 768 elevatione
1339 711 1455 754 seu
1515 689 1949 773 depressione,
2016 689 2097 754 ad
2138 689 2659 764 monochordum
2714 693 3003 783 recurrat
3060 695 3125 754 et
3187 712 3230 753 a

677 797 872 860 tertia
915 817 1072 860 voce
1103 796 1420 880 incipiens
1450 819 1654 894 usque
1702 799 1783 862 ad
1817 798 1953 862 eius
1987 801 2277 862 octavam
2310 798 2701 863 conscendat
2747 801 2812 862 et
2851 797 2932 862 ad
2960 797 3229 862 tertiam

677 925 906 968 vocem
941 903 1288 970 descendat
1307 909 1363 988 ¹,-
1387 910 1460 970 ut
1491 890 1732 970 dictum
1777 905 1903 970 fuit
1948 895 2231 989 capitulo
2278 905 2575 990 [septimo
2619 909 2933 974 tractatus
2978 905 3225 988 primi]

681 1010 873 1098 Multi
903 1011 1192 1077 volentes
1239 1016 1452 1079 totum
1495 1013 1716 1099 igitur,
1768 1013 1941 1098 quod
1987 1013 2230 1079 dictum
2274 1013 2417 1096 fuit,
2468 1014 2703 1078 debere
2747 1013 2888 1078 fieri
2932 1035 3078 1078 cum
3121 1013 3229 1076 in-

679 1123 1058 1203 strumento,
1106 1124 1315 1185 ιιιιιιο2
1358 1120 1482 1186 hoc
1531 1121 1667 1187 sine
1716 1142 1793 1186 eo
1839 1121 2052 1185 facere
2101 1121 2347 1186 scient3
2392 1121 2633 1186 notulis
2679 1121 3005 1205 inspectis,

1387 1451 1390 1456 ’
1429 1462 1919 1545 Capitulum
1974 1463 2467 1534 secundum.

1385 1633 1640 1706 Fictae
1696 1633 2026 1705 musicae
2084 1633 2507 1706 declaratio.

676 1819 838 1956 UT
883 1824 1098 1884 autem
1159 1819 1237 1883 de
1281 1817 1383 1885 his
1441 1818 1646 1904 signis
1693 1822 1885 1903 atque
1935 1818 2177 1883 notulis
2238 1818 2493 1901 plenior
2534 1816 2852 1883 habeatur
2912 1820 3223 1905 cognitio,

813 1929 1030 2012 aliqua
1061 1928 1228 1992 circa
1258 1925 1381 1990 hoc
1413 1925 1714 1990 subtilius
1747 1926 2305 2012 investigabimus
2378 1925 2607 1991 Solent
2650 1926 2821 1990 enim
2862 1927 2989 1991 alia
3036 1927 3227 2014 signa

680 2040 751 2104 in
797 2037 1094 2103 cantibus
1139 2035 1312 2119 poni,
1359 2056 1476 2118 per
1523 2057 1684 2118 quae
1732 2034 2039 2099 distantia
2066 2033 2623 2118 intercapedinum
2668 2034 3081 2119 cognoscitur
3124 2036 3229 2100 in-

687 2145 994 2230 aequalis,
1054 2143 1342 2220 Quorum
1375 2143 1651 2206 alterum
1695 2141 1788 2206 sic
1826 2144 1895 2216 {74
1932 2144 2209 2208 rotundo
2244 2141 2563 2217 scribitur,
2614 2141 2891 2206 alterum
2929 2165 3082 2208 vero
3129 2145 3226 2208 sic

677 2276 710 2346 ῃ
755 2253 1070 2337 quadrum
1113 2251 1444 2336 figuratur.
1535 2249 1825 2317 Primum
1871 2251 2126 2336 signum
2172 2257 2204 2326 b
2240 2249 2437 2316 molle
2486 2250 2721 2315 dicitur
2764 2249 2898 2314 sive
2932 2256 2965 2325 b
3000 2255 3228 2316 rotun-

685 2362 852 2443 dum,
917 2361 1268 2426 secundum
1314 2381 1468 2423 vero
1514 2371 1546 2454 ξς.
1598 2358 1982 2443 quadratum
2042 2359 2176 2427 sive
2230 2367 2263 2455 h}
2315 2358 2571 2436 durum3
2628 2369 2658 2444 h
2713 2359 3096 2442 quadratum
3159 2363 3227 2424 et

679 2471 712 2546 b
747 2469 1096 2534 rotundum
1128 2467 1538 2552 appellantur
1583 2489 1621 2530 a
1649 2466 1894 2552 figurae
1930 2466 2258 2549 qualitate,
2308 2466 2422 2530 sed
2468 2468 2502 2542 b
2535 2466 2733 2531 molle
2766 2470 2878 2531 aut
2922 2461 2953 2545 ξ
2993 2467 3224 2532 durum

683 2577 920 2642 dicitur
955 2599 1033 2640 ex
1066 2597 1162 2658 ec,
1213 2576 1384 2660 quod
1416 2579 1722 2638 canentes
1766 2596 1886 2657 per
1914 2574 2166 2638 litteras
2200 2573 2599 2659 Gregorii,
2636 2574 2892 2658 quando
2940 2575 3021 2638 ab
3066 2596 3109 2638 a
3153 2575 3225 2639 in

681 2687 724 2751 b
771 2685 1018 2751 faciunt
1063 2683 1494 2765 semitonium,
1544 2681 1707 2746 illud
1751 2683 1794 2746 b
1843 2682 2065 2746 dicunt
2120 2682 2334 2760 molle,
2393 2681 2560 2765 quia,
2610 2703 2753 2746 cum
2798 2682 2869 2745 in
2914 2682 3110 2746 arsim
3160 2687 3227 2746 et

679 2792 919 2860 thesim
979 2793 1181 2857 saltus
1234 2791 1308 2855 fit
1350 2813 1468 2874 per
1513 2790 1945 2872 semitonium,
2005 2789 2252 2876 magis⁵
2296 2789 2619 2855 mollescit
2678 2811 2803 2854 vox
2856 2789 2973 2853 illa
3030 2811 3226 2874 quam

682 2900 938 2986 quando
993 2922 1110 2983 per
1162 2904 1406 2982 tonum,
1470 2899 1635 2962 sicut
1688 2919 1730 2961 a
1782 2881 1818 2956 b
1865 2898 2080 2979 molle,
2144 2919 2187 2962 a
2244 2893 2323 2976 146
2390 2898 2703 2983 quadrum
2772 2898 3017 2965 durum.
3114 2897 3226 2962 Sic

683 3008 878 3073 etiam
943 3007 1198 3092 quando
1256 3029 1374 3090 per
1406 3006 1893 3070 semiditonum
1951 3006 2159 3092 magis
2221 3005 2417 3070 molle
2479 3028 2670 3090 quam
2728 3028 2847 3089 per
2906 3005 3219 3088 ditonum,

683 3102 850 3180 si‘cut
888 3137 930 3199 9
971 3122 1004 3176 9
1058 3115 1274 3198 molle,
1318 3136 1360 3198 9
1406 3107 1484 3187 ’ἥδ
1530 3115 1845 3198 quadrum
1892 3114 2137 3178 durum.
2231 3112 2549 3178 Similiter
2580 3113 2980 3178 diatessaron
3011 3113 3224 3199 magis

669 3224 879 3289 'molle
928 3246 1120 3316 quam
1163 3222 1462 3306 tritonus,
1513 3223 1679 3287 sicut
1720 3223 1766 3306 f
1800 3209 1831 3283 b
1868 3221 2081 3304 molle,
2130 3211 2238 3306 ft?
2262 3221 2645 3305 ⁶quadrum
2691 3222 3121 3287 durissimum.

850 3331 949 3396 Ex
1003 3331 1106 3395 his
1158 3335 1341 3414 patet
1402 3352 1578 3395 error
1636 3331 2039 3414 quorundam
2086 3334 2437 3408 cantorum,
2502 3331 2610 3414 qui
2667 3329 2887 3395 dicunt
2943 3317 2975 3393 b
3023 3330 3224 3396 molle

681 3444 794 3503 aut
847 3429 926 3524 ἠδ
983 3438 1384 3524 quadratum.
1475 3438 1746 3503 Duobus
1804 3437 1975 3502 enim
2020 3438 2229 3503 modis
2289 3424 2535 3502 errant:
2594 3438 2821 3520 primo,
2888 3437 3040 3522 quia
3094 3437 3225 3521 ipsi

682 3551 947 3613 cantant
1001 3568 1118 3630 per
1164 3545 1480 3630 syllabam
1528 3545 1941 3611 Gnidonis
2004 3551 2070 3610 et
2120 3567 2251 3610 non
2309 3567 2426 3628 per
2484 3543 2737 3608 litteras
2795 3544 3221 3630 Gregorii,

680 3677 890 3738 neque
935 3654 1138 3759 igitur
1183 3649 1214 3717 b
1250 3653 1448 3718 molle
1493 3676 1702 3738 neque
1748 3643 1829 3728 ἠδ
1877 3654 2181 3737 quadrum
2233 3653 2459 3717 durum
2499 3653 2937 3735 pronuntiant,
2988 3653 3102 3716 sed
3145 3654 3227 3736 fa

665 3753 799 3853 ‘aut
841 3764 951 3826 mi.
1048 3761 1348 3853 Secundo
1390 3783 1523 3826 non
1567 3762 1817 3826 faciunt
1860 3765 2106 3826 rectam
2151 3761 2563 3840 relationem,
2618 3782 2771 3824 nam
2818 3759 3073 3845 quando
3123 3761 3225 3824 di-

680 3875 835 3944 cunt
895 3863 982 3951 μθ
1047 3848 1446 3954 quadratum,
1520 3847 1760 3946 debent
1818 3869 2404 3952 correspondenter
2473 3839 2683 3933 dicere
2760 3859 2791 3932 b
2836 3869 3217 3945 rotundum,

856 4099 874 4134 1
913 4096 1167 4150 scandat.
1517 4096 1540 4132 2
1574 4095 1652 4148 in.
1999 4097 2023 4134 3
2060 4095 2221 4148 sciet.

848 4185 873 4221 4
910 4183 1015 4238 Bei
1037 4181 1234 4236 Ramis
1259 4181 1598 4237 bezeichnet
1621 4183 1652 4235 b
1679 4180 1896 4236 sowohl
1919 4181 2031 4234 den
2048 4180 2169 4235 Τοιι
2188 4180 2243 4234 Β
2263 4181 2365 4236 des
2384 4179 2922 4236 mittelalterlichen
2944 4179 3221 4250 Systems,

679 4270 764 4324 als
805 4269 954 4323 auch
991 4270 1092 4323 das
1128 4270 1158 4322 b
1181 4271 1492 4322 rotundum.
1553 4269 1664 4322 Um
1688 4286 1808 4321 nun
1833 4269 2114 4322 Irrtiimer
2148 4285 2217 4321 zu
2240 4267 2590 4337 vermeiden,
2627 4267 2708 4321 ist
2741 4267 2835 4321 ffir
2869 4269 2900 4321 b
2923 4268 3222 4322 rotundum

679 4355 1058 4410 abweichend
1093 4372 1226 4410 vom
1263 4355 1524 4424 Original
1564 4354 1656 4410 die
1694 4354 1929 4411 ubliche
1966 4354 2125 4424 Type
2164 4342 2194 4418 b
2243 4355 2498 4424 gewahlt
2532 4355 2781 4408 worden.
2865 4353 2980 4407 Far
3023 4355 3053 4406 b
3089 4371 3222 4422 qua-

675 4445 897 4496 dratum
933 4442 1013 4496 ist
1050 4442 1144 4496 die
1183 4441 1598 4497 Schreibweise
1635 4433 1668 4521 lq
1705 4443 2035 4511 quadratum
2080 4441 2611 4511 beziehungsweise
2642 4441 2952 4512 quadrum,
3000 4439 3221 4494 welche

663 4528 924 4586 Ramis
907 4535 972 4586 ιιι
1007 4529 1120 4588 den
1151 4529 1401 4583 meisten
1441 4528 1642 4584 Fallen
1679 4529 2004 4622 anwendet,
2043 4527 2461 4597 durchgefflhrt
2496 4527 2746 4582 worden.

850 4617 874 4655 ⁵
911 4615 1294 4673 semitonium
1316 4614 1546 4673 maius.

852 4703 876 4741 6
911 4702 965 4756 b.
