3592 5509
1266 345 1772 409 ,—9—

319 520 534 582 scetur
587 516 1048 603 intelligentia;
1119 518 1233 582 sed
1292 517 1832 602 quemadmodum
1898 518 2038 582 toni
2102 516 2276 582 inter
2341 539 2410 582 se
2479 540 2639 583 sono
2708 524 2859 584 sunt

286 612 657 709 aequales,
747 624 841 690 ita
921 624 1440 708 intercapedines
1514 646 1829 708 ponemus
1907 624 2230 709 aequales.
2352 612 2857 692 semitoniorum

317 754 472 797 vero
527 733 888 797 minuemus
944 732 1314 816 intervalla,
1371 738 1445 797 ut
1495 733 1839 797 manifeste
1902 737 2156 798 constet
2210 737 2368 799 tono
2433 734 2647 798 minus
2717 756 2856 799 esse

320 840 751 905 semitonium.
859 838 1093 907 Omnia
1163 845 1380 906 autem
1447 840 1780 925 praedicta
1849 841 2141 905 subiecta
2208 841 2415 927 figura
2487 841 2853 925 patefaciet.
2967 858 2969 861 ’

322 950 462 1027 (pag.
513 964 543 1015 8
589 964 760 1026 figura
807 965 869 1029 23
929 977 1051 1028 pag.
1095 952 1146 1031 9)
1214 947 1496 1013 Videsne
1566 947 2056 1031 dispositionem
2115 948 2378 1034 figurae,
2447 949 2560 1015 ubi
2626 970 2862 1035 graeca

325 1054 708 1119 chordarum
770 1056 1034 1121 nomina
1091 1061 1157 1120 et
1208 1055 1445 1120 latinas
1513 1055 1766 1121 litteras
1833 1055 2327 1139 impressimus?
2418 1056 2603 1122 Licet
2660 1056 2862 1141 igitur

318 1167 461 1228 tota
523 1163 807 1229 musicae
877 1163 1243 1228 differentia
1303 1164 1493 1229 unica
1563 1164 1874 1249 diapason
1942 1164 2337 1244 continetur,
2417 1165 2574 1229 duas
2640 1168 2861 1229 tamen

319 1272 668 1356 posuimuS‚
741 1293 898 1355 quas
966 1272 1272 1336 dicimus¹
1341 1271 1786 1355 bisdiapason,
1858 1276 1932 1337 ut
1997 1272 2260 1337 Boetii
2327 1293 2401 1337 ac
2467 1272 2861 1338 Graecorum

323 1380 683 1445 doctrinam
740 1379 1168 1462 imitaremur,
1231 1380 1630 1445 enchim‘dion
1686 1402 1842 1445 vero
1898 1378 2312 1463 disdiapason
2368 1380 2671 1465 appellat.
2765 1382 2863 1445 Ex

320 1487 423 1551 his
491 1486 943 1553 manifestatur
1007 1487 1266 1552 illorum
1335 1509 1536 1570 error,
1610 1488 1720 1571 qui
1781 1487 1953 1551 male
2014 1488 2353 1553 ordiuntur
2418 1526 2491 1537 --
2552 1487 2863 1553 inchoant

323 1618 604 1680 namque
651 1596 768 1660 sic:
816 1593 1065 1681 Viginti
1113 1599 1264 1659 sunt
1305 1594 1590 1660 litterae:
1650 1595 1694 1659 Γ
1706 1598 1732 1639 2
1777 1594 1837 1659 A
1880 1596 1935 1660 B
1983 1594 2032 1661 C
2078 1595 2137 1659 D
2184 1596 2239 1661 E
2284 1595 2339 1659 F
2385 1595 2443 1661 Gr
2489 1620 2527 1660 a
2571 1596 2613 1661 b
2661 1618 2695 1661 c
2741 1597 2782 1661 d
2828 1618 2863 1661 e

325 1755 358 1817 f
395 1778 442 1841 g
487 1778 524 1819 a
567 1704 611 1819 b
659 1714 692 1819 ἓ
739 1703 778 1818 ili
825 1705 1015 1833 ἔζη
1086 1754 1390 1839 quoniam
1441 1777 1573 1819 non
1609 1754 1864 1841 ,viginti
1920 1756 2035 1819 sed
2090 1760 2338 1838 septem
2396 1760 2651 1821 tantum
2714 1760 2864 1821 sunt

326 1865 637 1947 diversae,
684 1868 834 1948 post
880 1884 1038 1948 quas
1068 1885 1200 1928 non
1240 1862 1428 1947 aliae,
1475 1864 1590 1927 sed
1623 1864 1888 1927 eaedem
1921 1862 2106 1947 quasi
2148 1864 2385 1927 iterum
2414 1869 2859 1929 renascuntur.

327 1971 458 2036 Sed
503 1969 572 2035 hi
620 1994 658 2035 a
702 1971 923 2035 littera
955 1971 1008 2038 G
1051 1970 1373 2055 incipiunt
1403 1970 1760 2056 finiuntque
1806 1971 1875 2034 in
1920 1972 2117 2035 tertia
2150 1994 2203 2053 e,
2253 1972 2558 2056 quoniam
2587 1971 2862 2056 primam

327 2080 427 2143 sui
458 2080 738 2144 nominis
783 2078 1069 2143 litteram
1117 2078 1569 2163 Gregorium
1600 2100 1843 2163 ponere
1874 2078 2157 2143 voluisse
2188 2077 2564 2143 fabulantur
2595 2100 2863 2163 eamque

325 2209 558 2273 graeca
605 2185 1040 2271 appellatione
1074 2186 1121 2250 Γ
1155 2187 1542 2269 nominasse,
1575 2185 1900 2271 'quoniam
1945 2210 1983 2250 a
2030 2185 2297 2252 Graecis
2343 2187 2624 2251 musicae
2673 2188 2867 2252 docu-

324 2299 545 2359 menta
589 2294 827 2360 tradita
882 2299 1049 2359 sunt.
1141 2293 1273 2359 Sed
1319 2294 1440 2358 etsi
1485 2292 1610 2359 hoc
1654 2294 1786 2359 illis
1844 2295 1933 2359 sit
1976 2294 2378 2379 permissum,
2436 2295 2505 2359 in
2551 2294 2865 2360 divisione

326 2407 545 2467 tamen
593 2426 630 2468 a
673 2403 946 2467 veritate
991 2403 1269 2466 maxime
1317 2403 1636 2481 aberrant,
1686 2423 1835 2466 cum
1875 2406 2020 2467 octo
2066 2424 2315 2487 graves,
2364 2406 2612 2486 septem
2646 2406 2865 2467 acutas

332 2516 399 2575 et
429 2515 846 2594 superacutas
879 2511 1160 2596 quinque
1193 2509 1439 2590 dicant3
1495 2532 1648 2575 nam
1694 2514 1989 2575 octavam
2033 2510 2319 2575 litteram
2375 2514 2440 2575 et
2482 2511 2757 2593 primam
2799 2510 2868 2574 in

331 2619 624 2683 acumine
670 2623 925 2683 tantum
973 2623 1039 2682 et
1081 2619 1442 2704 gravitate4
1487 2618 1743 2682 differre
1790 2622 2220 2683 monstratum
2270 2622 2385 2683 est.
2711 2604 2719 2611 ’

505 2726 634 2791 Sed
678 2726 948 2790 ulterius
994 2726 1264 2790 Boetii
1312 2725 1716 2809 auctoritate,
1764 2729 1839 2790 ut
1883 2724 2081 2808 aiunt,
2132 2725 2383 2791 munire
2430 2747 2500 2789 se
2531 2730 2861 2791 conantur.

329 2834 573 2898 Dicunt
625 2856 903 2918 namque
958 2835 1234 2918 primam
1290 2837 1621 2898 acutarum
1678 2856 1927 2911 mesen,
1988 2855 2151 2917 quae
2213 2838 2311 2897 est
2353 2835 2397 2897 h
2444 2838 2509 2898 et
2564 2834 2784 2898 littera
2828 2854 2871 2897 a

329 2942 628 3006 secunda.
733 2942 1080 3027 Colligitur
1135 2963 1291 3027 ergo
1345 2942 1519 3005 inter
1567 2964 1799 3027 graves
1856 2941 1938 3005 ab
1991 2939 2150 3024 ipsis
2209 2941 2267 3005 G
2310 2941 2633 3007 collocari.
2726 2940 2867 3005 Etsi

331 3072 368 3113 a
398 3049 631 3114 Boetio
666 3049 916 3114 dicatur
955 3049 1012 3113 G
1040 3050 1213 3113 inter
1242 3071 1492 3135 graveS,
1543 3072 1580 3113 a
1609 3048 1931 3135 Gregorio
1961 3071 2093 3134 non
2122 3050 2289 3115 bene
2332 3050 2571 3113 dictum
2602 3039 2869 3133 propter

337 3158 736 3222 additionem
800 3157 1058 3222 litterae
1131 3157 1194 3226 Γ,
1267 3156 1568 3241 quoniam
1643 3157 2182 3242 quemadmodum
2240 3178 2283 3221 a
2340 3156 2620 3239 primum
2690 3157 2771 3221 ad
2828 3158 2870 3219 h

331 3266 438 3330 vel
485 3266 566 3329 ad
610 3288 652 3329 a
697 3266 1075 3348 secundum,
1131 3265 1226 3329 ita
1281 3265 1326 3328 Γ
1372 3265 1454 3329 ad
1509 3264 1567 3328 G
1610 3286 1679 3329 se
1738 3264 1955 3328 habet.
2049 3264 2179 3329 Sed
2222 3266 2265 3329 h
2312 3268 2390 3347 (a)
2440 3265 2609 3339 ab.a
2659 3264 2868 3347 primo

335 3374 405 3438 in
435 3373 728 3437 acumine
760 3377 1013 3438 tantum
1045 3372 1277 3456 differt,
1328 3394 1482 3455 ergo
1527 3376 1590 3437 et
1631 3372 1688 3435 G
1719 3394 1758 3436 a
1787 3372 1835 3436 Γ
1864 3371 1933 3436 in
1973 3372 2266 3436 acumine
2312 3376 2566 3436 tantum
2596 3372 2869 3437 differet.
2967 3399 2973 3405 ⁴

336 3481 527 3545 Datis
561 3503 715 3567 ergo
745 3481 980 3567 viginti
1024 3480 1261 3545 litteris
1307 3481 1400 3545 sic
1431 3479 1660 3545 divisio
1705 3480 1847 3544 fieri
1894 3480 2177 3561 deberet,
2225 3484 2299 3543 ut
2338 3483 2587 3563 septem
2618 3501 2866 3565 graveS,

337 3593 586 3673 septem
655 3593 882 3653 acutae
953 3594 1018 3654 et
1085 3610 1198 3653 sex
1262 3588 1492 3653 fierent
1559 3591 2001 3673 superacutae.
2117 3586 2248 3651 Sed
2301 3610 2423 3651 nec
2485 3587 2869 3673 Gregorio

333 3696 580 3779 placuit
663 3696 923 3761 litterae
1001 3696 1274 3778 additio,
1366 3697 1670 3780 quoniam
1749 3694 2115 3780 quindecim
2191 3699 2444 3759 tantum
2518 3717 2670 3760 usus
2753 3701 2869 3760 est.

333 3804 767 3869 Tinctoris⁵
821 3826 976 3869 vero
1037 3805 1118 3868 ab
1172 3804 1295 3869 hac
1353 3804 1605 3869 ratione
1668 3803 1917 3867 alienus
1972 3802 2252 3886 primum
2309 3802 2557 3868 scilicet
2614 3803 2659 3866 Γ
2716 3802 2873 3868 dicit

334 3911 815 3997 gravissimum3
875 3913 1228 3977 secundum
1288 3916 1386 3976 est
1429 3933 1646 3997 grave,
1706 3910 1971 3975 tertium
2017 3914 2295 3975 acutum.
2396 3909 2636 3975 Verum
2702 3911 2873 3974 unde

333 4018 441 4084 hic
512 4041 690 4084 error
757 4012 1054 4085 cantores
1109 4020 1446 4102 invaserit,
1521 4018 1715 4104 paulo
1779 4022 1929 4103 post
1996 4019 2426 4083 ostendemus.
2537 4019 2724 4082 Nunc
2795 4018 2875 4082 'ad

335 4126 610 4191 aliorum
658 4127 1016 4193 doctrinam
1063 4127 1512 4192 declarandam
1559 4127 1956 4192 accedamus

510 4278 528 4313 1
568 4274 726 4328 dicit.

511 4360 533 4396 ²
568 4359 683 4413 Ffir
716 4362 757 4412 Γ
794 4360 874 4413 ist
907 4359 1092 4413 Raum
1127 4358 1209 4413 im
1244 4359 1438 4414 Druck
1474 4358 1854 4428 freigelassen
1894 4398 1906 4411 .

509 4448 532 4485 3
566 4444 673 4500 Die
709 4446 926 4501 letzten
960 4444 1096 4499 fiinf
1125 4444 1492 4499 Buchstaben
1529 4444 1725 4499 finden
1763 4443 1889 4497 sich
1924 4460 2035 4497 nur
2070 4442 2292 4498 einzeln
2330 4445 2568 4513 gesetzt.

509 4534 532 4569 4
567 4532 928 4601 gravitatem.

510 4620 534 4657 5
569 4618 870 4672 Tractatus
911 4618 980 4673 de
1018 4617 1238 4672 musica
1275 4635 1396 4687 cap.
1423 4618 1478 4671 II
1517 4616 2053 4683 (Coussemaker,
2092 4614 2412 4685 Scriptores
2450 4614 2543 4682 IV,
2581 4616 2700 4683 4a).
