3592 5509
1705 341 2130 405 -72—

657 521 748 595 ut,
794 515 849 580 si
894 521 1085 582 tonus
1133 517 1267 580 sive
1298 514 1526 580 modus
1573 513 1659 580 sit
1686 513 1899 598 primi,
1948 514 2406 580 consonantiae
2440 513 2765 598 perfectae
2810 513 2880 577 in
2909 515 2968 595 d,
3018 513 3087 577 in
3126 513 3187 594 k,

657 623 1222 709 lfrequententur,
1272 623 1653 717 quandoque
1701 627 1919 687 autem
1961 621 2031 686 in
2075 622 2120 706 f
2151 621 2255 686 vel
2299 623 2368 686 in
2397 642 2452 700 ο,
2499 643 2645 688 raro
2689 621 2758 687 in
2799 643 2842 706 9
2869 621 2976 687 vel
3019 622 3085 686 in
3131 623 3224 704 k,-

655 754 1005 816 numquam
1063 737 1283 796 tamen
1336 733 1405 796 in
1458 753 1489 796 e
1540 731 1646 795 vel
1688 731 1757 794 in
1803 725 1832 810 k}
1873 729 2135 813 quadro,
2228 728 2369 794 Hoc
2411 735 2633 794 tamen
2678 735 2777 795 est
2819 728 3194 814 intelligen-

658 839 808 902 dum
855 862 1000 904 cum
1047 839 1478 923 distinctione,
1529 839 1834 923 quoniam
1881 837 2040 902 alias
2071 839 2460 922 ubicumque
2504 841 2777 921 possunt
2818 835 2976 901 florii
3041 836 3193 902 Ser·-

656 956 763 1012 vet
809 948 1005 1012 etiam
1036 949 1443 1033 organizans
1496 951 1847 1030 Pneumata
1899 950 2250 1030 troporum,
2313 950 2386 1010 ut
2429 949 2778 1029 pneumata
2831 945 3194 1028 pneumati-

657 1055 776 1118 bus
838 1056 1398 1140 correspondeant.
1500 1054 1669 1118 Nam
1736 1053 1791 1118 si
1850 1058 2201 1138 pneumata
2258 1054 2502 1120 tenoris
2558 1053 2818 1118 fuerint.
2853 1053 3062 1136 primi,
3127 1056 3195 1116 et

658 1163 1096 1248 organizantis
1144 1166 1347 1245 erunt,
1397 1166 1487 1246 ut,
1538 1161 1593 1225 si
1636 1167 1827 1227 tenor
1868 1161 1913 1244 f
1930 1163 1975 1226 d
2001 1183 2034 1226 c
2063 1163 2108 1226 d
2143 1184 2186 1246 9
2229 1162 2274 1226 d
2301 1183 2334 1226 c
2371 1183 2414 1245 9
2459 1183 2490 1226 c
2531 1162 2576 1245 f
2593 1163 2654 1244 d,
2702 1183 3017 1246 organum
3059 1181 3194 1224 non

657 1259 1790 1351 faciathhmlRQkahh*
1841 1270 2218 1354 sedpotius
2278 1269 3190 1350 hlmllnmlmkl,

657 1379 965 1462 quoniam
1025 1377 1235 1462 prima
1294 1377 1696 1463 organizatio
1765 1381 1864 1442 est
1921 1377 2198 1464 phrygii,
2256 1378 2538 1442 secunda
2592 1397 2746 1442 vero
2807 1375 2986 1440 dorii.
3090 1374 3191 1439 Ne

656 1485 798 1569 quis
833 1485 1133 1550 arbitrari
1162 1486 1369 1569 possit
1409 1485 1538 1550 ista
1566 1507 1765 1569 parva
1814 1485 2108 1570 exempla
2151 1506 2281 1551 non
2327 1484 2620 1550 sufficere
2668 1486 2749 1550 ad
2787 1488 2996 1550 totam
3041 1484 3195 1548 doc-

652 1594 889 1658 trinam
934 1594 1415 1678 capessendam,
1466 1594 1586 1658 sub
1634 1598 1701 1658 et
1730 1615 1924 1678 supra
1967 1615 2084 1678 per
2127 1597 2334 1658 totam
2363 1616 2626 1658 manum
2673 1593 2897 1658 damus
2931 1592 3024 1656 eis
3054 1612 3194 1656 mo—

656 1704 808 1766 dum
854 1702 1276 1784 subtiliorem,
1342 1706 1414 1766 ut
1470 1723 1587 1785 per
1640 1701 1848 1766 lineas
1907 1706 1972 1766 et
2033 1702 2242 1786 spatia
2285 1701 2414 1767 ista
2468 1701 2814 1784 disponant
2877 1683 3189 1783 exempla.

652 1810 907 1874 Deinde
950 1809 1141 1892 idem,
1193 1811 1366 1895 quod
1409 1807 1535 1873 fuit
1581 1809 1763 1886 dorii,
1812 1814 2091 1894 ponatur
2131 1810 2200 1874 in
2244 1809 2520 1896 phrygio
2569 1814 2634 1874 et
2676 1810 2746 1872 in
2789 1808 2966 1892 lydio
3015 1812 3078 1872 et
3121 1807 3194 1872 in

653 1917 1034 2001 mixolydi03
1092 1922 1158 1982 et
1203 1919 1281 1982 de
1329 1918 1461 1981 suis
1506 1917 1874 2004 plagalibus
1921 1917 2221 1982 similiter
2263 1917 2393 1982 fiat.
2485 1917 2572 1982 Et
2629 1917 2884 2001 quando
2942 1915 3191 2000 species

654 2025 871 2110 aliqua
930 2027 1169 2091 bonam
1226 2027 1714 2091 consonantiam
1769 2047 1902 2090 non
1960 2025 2206 2107 fecerit,
2271 2024 2558 2091 elevetur
2615 2047 2733 2108 per
2777 2025 3034 2111 signum
3081 2027 3196 2088 aut

657 2134 1067 2218 deprimatur,
1126 2138 1200 2197 ut
1260 2134 1681 2198 consonantia
1735 2134 1946 2218 prima
2011 2137 2218 2198 totam
2277 2134 2377 2197 sui
2431 2133 2705 2218 recipiat
2763 2132 3192 2217 quantitatem

656 2247 767 2306 aut
830 2241 1131 2319 dimittat,
1193 2243 1248 2306 si
1311 2242 1464 2326 quid
1523 2241 1916 2325 superfluum
1976 2240 2194 2306 habet.
2299 2241 2388 2306 Ut
2447 2245 2666 2306 autem
2726 2241 2961 2323 omnia,
3025 2261 3189 2324 quae

656 2349 829 2414 dicta
876 2353 1044 2432 sunt,
1092 2349 1347 2414 facilius
1391 2353 1753 2431 teneantur,
1806 2352 1956 2413 ante
2003 2349 2222 2414 oculos
2269 2348 2648 2413 subiiciatur
2695 2348 3086 2433 exemplum:

655 2447 3123 2543 organumlhkllmklmlklhtllktsthklhyhbstkl

732 2564 3186 2649 ‘tenorddedfefdcdedf9f9h9hhdfef9ed*

830 2677 973 2761 (pag.
1002 2681 1087 2758 59)
1134 2677 1371 2760 Liquet
1412 2676 1515 2740 his
1558 2677 1781 2760 paucis
1831 2677 2140 2760 exemplis
2185 2677 2556 2761 praemissis
2604 2681 2743 2743 tota
2791 2698 2894 2740 ars
2939 2679 3193 2740 contra-

654 2783 877 2868 puncti
923 2783 1220 2849 concludi
1262 2807 1381 2868 per
1425 2784 1850 2850 variationem
1897 2784 2337 2868 exemplorum
2381 2806 2498 2868 per
2544 2784 2796 2849 diversa
2839 2784 3015 2863 loca3
3077 2805 3196 2867 per

652 2891 873 2956 fictam
916 2914 1033 2975 per
1061 2896 1433 2976 rectamque
1464 2893 1775 2958 musicam
1809 2894 2034 2958 eadem
2077 2894 2328 2958 variata
2356 2893 2574 2976 sicque
2621 2913 2738 2978 per
2775 2893 2949 2956 idem
2982 2913 3195 2956 exem-—

654 3000 833 3084 plum
878 3001 947 3064 in
980 3000 1249 3064 diversis
1293 3002 1499 3084 tropis
1528 3023 1727 3084 parva
1770 3001 1945 3066 facta
1982 3002 2344 3066 mutatione
2373 3001 2675 3065 nimietas
2720 3000 2900 3064 varia
2942 2999 3188 3064 crescit.

661 3107 850 3185 Quod
894 3109 951 3172 si
995 3129 1193 3172 unum
1236 3129 1517 3192 pneuma
1560 3112 1660 3173 tot
1688 3110 1898 3173 modis
1927 3109 2230 3186 variatur,
2280 3113 2355 3173 ut
2385 3109 2626 3174 dictum
2669 3108 2811 3190 fuit,
2860 3109 2930 3173 in
2967 3109 3192 3192 tropiS,

661 3220 902 3300 quanto
966 3217 1175 3301 magis
1232 3237 1378 3280 cum
1432 3216 1874 3281 consonantiis
1931 3217 2200 3283 diversis
2253 3217 2626 3282 variabitur.
2717 3217 2803 3280 Et
2858 3217 2950 3280 sic
3009 3237 3195 3299 prae-

656 3323 827 3387 dicta
869 3323 940 3386 in
983 3322 1105 3388 hac
1150 3327 1335 3407 parte
1368 3323 1755 3389 sufficerent.
1850 3324 1981 3389 Sed
2025 3346 2171 3390 cum
2215 3329 2316 3390 tot
2372 3329 2436 3390 et
2480 3328 2662 3389 tanta
2717 3345 3194 3408 supervacanea

652 3426 1082 3513 incommoda,
1135 3424 1413 3514 inutilia,
1470 3432 1721 3516 prolixa
1766 3437 1959 3516 atque
2006 3432 2328 3516 superflua
2379 3431 2450 3496 in
2492 3431 2702 3515 prima
2745 3437 2929 3515 parte
2988 3435 3194 3496 artem

656 3535 1042 3602 Guidonis
1098 3539 1379 3602 musicae
1433 3538 1738 3604 tribuisse
1782 3545 2213 3605 monstratum
2273 3541 2376 3618 sit,
2437 3561 2745 3625 sequaces
2805 3539 2941 3604 eius
3001 3549 3194 3603 caeco

658 3645 894 3708 ducatu
938 3644 1392 3730 claudicanteS,
1454 3647 1719 3713 subtilia
1774 3669 1844 3712 se
1891 3649 2226 3713 credentes
2270 3646 2700 3734 investigasse
2744 3647 2985 3732 peiora,
3044 3668 3194 3730 pro-

658 3751 908 3836 lixiora,
954 3753 1285 3818 inutiliora
1330 3754 1710 3820 tribuerunt.

836 3859 955 3925 Est
1000 3865 1235 3944 autem,
1284 3866 1356 3925 ut
1399 3861 1527 3946 ipsi
1572 3862 1820 3936 dicunt;
1880 3863 1990 3948 qui
2035 3867 2570 3947 contrapunctare
2615 3868 2936 3948 procurat,
2996 3861 3194 3926 hexa—

656 3966 967 4032 chordum
1019 3990 1151 4032 non
1213 3973 1402 4034 exeat
1456 3975 1650 4034 cantu
1693 3970 1889 4054 plano
1953 3993 2146 4054 supra
2198 3972 2304 4036 vel
2357 3973 2580 4037 subter
2622 3970 2961 4056 psallente,
3025 3969 3196 4055 quod

660 4075 883 4140 dicunt
923 4075 1048 4160 ipsi
1092 4075 1370 4162 gamma,
1428 4077 1551 4144 hoc
1598 4075 1699 4144 est
1745 4079 1918 4162 quod
1975 4084 2115 4145 tota
2159 4101 2388 4144 manus
2433 4079 2693 4144 illorum
2737 4100 2997 4164 gamma
3057 4083 3120 4142 et
3164 4099 3195 4140 e

829 4365 846 4399 ¹
882 4362 959 4416 b0.

809 4447 861 4481 ''²'‘
898 4447 1008 4502 Hic
1052 4421 1378 4505 litterarum
1425 4467 1729 4520 processus
1779 4451 2280 4506 consonantiarum
2330 4451 2527 4521 potius
2583 4453 2844 4506 cantores
2897 4449 3200 4506 confundit

654 4549 828 4598 quam
863 4533 1119 4589 instruit.
1194 4535 1398 4592 Sanior
1434 4537 1669 4605 quidem
1702 4539 1764 4592 et
1797 4541 2079 4608 perceptu
2115 4537 2340 4594 facilior
2378 4541 2469 4593 est
2501 4537 2831 4607 progressio
2869 4535 3196 4606 guidonicis

650 4617 1125 4676 institutionibus
1163 4621 1413 4676 deducta
1450 4625 1508 4676 et
1542 4623 1976 4678 numerositatis
2016 4640 2301 4679 consonae
2338 4622 2634 4678 vocabulis
2672 4623 3055 4679 denominata.
