3592 5509
1895 365 2320 430 ...64-

837 537 1138 620 quoniam
1186 535 1447 602 omnino
1494 537 1666 602 circa
1710 537 2063 621 practicam
2107 543 2461 624 versantur,
2525 545 2590 605 et
2632 540 2726 605 ita
2781 541 3110 607 lacticinia
3163 563 3366 608 come-

837 644 1062 709 dentes
1108 645 1190 709 ad
1234 644 1412 710 cibos
1461 645 1751 711 duriores
1800 646 2211 712 adducentur.

1006 753 1123 817 His
1168 751 1372 839 igitur
1416 751 1508 818 sic
1552 755 1851 839 cognitis,
1910 753 1966 818 si
2012 777 2050 819 a
2095 777 2494 840 quacumque
2540 758 2901 840 specierum
2957 758 3094 822 sive
3149 777 3366 823 conso-

830 860 1201 926 nantiarum
1246 865 1541 926 octavam
1585 862 2052 927 intenderimus
2097 863 2202 928 vel
2257 863 2710 946 remiserimuS,
2769 866 3038 930 eandem
3093 865 3365 948 speciem

834 969 976 1033 sine
1030 967 1226 1033 dubio
1281 968 1793 1054 procreabimuS,
1867 971 2172 1055 quoniam
2237 992 2430 1055 saepe
2499 971 2742 1036 dictum
2807 976 2907 1037 est
2969 977 3179 1037 totum
3235 995 3366 1037 esse

832 1081 1217 1142 concentum
1262 1077 1591 1161 diapason.
1686 1076 2013 1162 Quidquid
2055 1077 2258 1164 igitur
2303 1078 2381 1144 de
2426 1079 2654 1164 prima,
2713 1084 2778 1144 et
2823 1081 2902 1144 de
2951 1081 3090 1148 eius
3149 1085 3366 1145 octava

833 1184 1133 1249 similiter
1165 1185 1304 1249 erit.
1381 1185 1620 1250 Differt
1650 1190 1867 1250 tamen
1905 1185 1975 1250 in
2019 1185 2163 1270 hoc,
2214 1185 2364 1270 quia
2411 1187 2660 1251 acutius
2705 1191 2819 1252 aut
2861 1188 3122 1273 gravius
3169 1192 3363 1252 sonat.

830 1292 975 1356 Erit
1028 1292 1230 1378 igitur
1284 1297 1512 1357 octava
1572 1294 1740 1358 sicut
1789 1293 1961 1374 fons,
2032 1315 2206 1358 nona
2269 1294 2437 1358 sicut
2499 1294 2805 1379 secunda,
2874 1296 3122 1361 decima
3175 1295 3366 1360 veluti

830 1400 1044 1482 tertia,
1093 1401 1431 1465 undecima
1462 1401 1630 1466 sicut
1661 1406 1910 1486 quarta,
1961 1403 2341 1467 duodecima
2375 1402 2554 1467 velut
2600 1403 2841 1486 quinta,
2889 1404 3086 1468 tertia
3130 1403 3366 1467 decima

834 1510 1000 1572 sicut
1032 1513 1230 1574 sexta.
1310 1507 1439 1574 Sed
1472 1509 1721 1574 decima
1754 1514 1982 1593 quarta
2029 1510 2352 1594 discrepat
2393 1513 2468 1573 ut
2513 1510 2804 1594 septima,
2857 1512 3106 1576 decima
3151 1513 3366 1595 quinta

832 1617 1214 1700 aequisonat
1259 1617 1425 1680 sicut
1471 1621 1715 1682 octava.
1810 1617 2056 1682 Eodem
2100 1619 2293 1682 modo
2354 1641 2393 1682 a
2448 1616 2698 1682 decima
2755 1618 2979 1702 quinta
3035 1640 3242 1702 usque
3297 1617 3366 1681 ad

835 1723 1208 1788 vicesimam
1239 1725 1587 1789 secundam
1632 1724 2001 1788 faciendum
2049 1730 2161 1790 est.
2240 1726 2325 1789 Et
2371 1726 2462 1790 sic
2507 1731 2761 1790 tantum
2808 1731 3084 1810 quatuor
3127 1727 3366 1810 species

832 1835 986 1894 sunt
1039 1830 1409 1895 differentes
1472 1852 1820 1914 consonae,
1886 1854 2046 1917 quae
2107 1855 2224 1916 per
2277 1833 2588 1916 diapason
2645 1838 3064 1920 augmentum
3119 1833 3366 1916 saepius

837 1938 1251 2021 replicantur.
1335 1937 1755 2003 Vocabuntur
1801 1944 2017 2004 autem
2060 1941 2306 2024 primae
2353 1941 2694 2025 simpliceS,
2745 1941 2910 2006 aliae
2955 1941 3366 2026 compositae,

831 2045 1064 2109 tertiae
1112 2044 1607 2129 decompositae,
1658 2050 1731 2110 ut
1774 2050 1957 2130 patet
1999 2049 2067 2111 in
2112 2047 2334 2134 figura.

1005 2154 1233 2237 Itaque
1266 2154 1323 2217 si
1354 2153 1602 2237 species
1635 2176 1860 2218 creans
1900 2154 2160 2220 dissona
2193 2161 2292 2221 est
2334 2157 2439 2221 vel
2483 2156 2772 2240 perfecta
2817 2162 2929 2223 aut
2971 2156 3362 2241 imperfecta,

836 2267 901 2327 et
950 2268 1306 2347 procreata.
1414 2263 1551 2327 Ista
1612 2267 1830 2328 autem
1887 2265 2250 2347 procreatio
2313 2266 2880 2330 consonantiarum
2949 2265 3367 2329 secundarum

796 2391 801 2395 ’
836 2375 961 2449 est;
1023 2371 1532 2456 quandocunque
1582 2375 1680 2434 est
1726 2371 1916 2435 altior
1961 2376 2155 2436 cantu
2198 2370 2393 2456 plano
2441 2373 2707 2456 specieS,
2767 2395 2803 2436 a
2849 2395 2975 2456 qua
3017 2373 3368 2437 intenditur

832 2484 1079 2562 octava,
1127 2480 1232 2543 vel
1270 2480 1390 2543 sub
1440 2479 1685 2562 eodem,
1734 2480 1990 2562 quando
2033 2480 2400 2544 remittitur.
2481 2479 2612 2545 Sed
2659 2481 2830 2565 quid,
2879 2481 2934 2544 si
2976 2479 3093 2545 fiat
3141 2503 3174 2544 e
3225 2502 3366 2546 con-

831 2611 1038 2672 verso,
1085 2587 1209 2653 hoc
1244 2593 1357 2667 est,
1409 2587 1463 2650 si
1499 2609 1535 2650 a
1580 2588 1795 2670 specie
1840 2587 2133 2652 inferiori
2178 2589 2550 2652 intendatur
2595 2589 2904 2672 diapason
2952 2587 3054 2652 vel
3103 2612 3141 2652 a
3187 2610 3367 2672 supe-

830 2697 987 2762 riori
1040 2695 1453 2760 remittatur‘?
1554 2694 1942 2776 Dicendum,
2015 2696 2185 2779 quod
2252 2719 2288 2759 a
2341 2697 2536 2760 tertia
2590 2701 2772 2760 sexta
2841 2696 3143 2780 provenit
3209 2700 3276 2760 et
3337 2719 3367 2758 a

832 2809 1013 2870 sexta
1056 2804 1252 2868 tertia
1300 2809 1364 2868 et
1410 2827 1447 2868 a
1494 2805 1716 2887 quinta
1771 2805 2079 2886 quarta*;
2143 2804 2419 2887 ideoque
2477 2804 2670 2868 tertia
2729 2808 2794 2868 et
2847 2808 3030 2870 sexta
3085 2803 3367 2868 eiusdem

830 2917 980 2977 sunt
1018 2911 1460 2992 condicionis„
1534 2911 1838 2995 quoniam
1894 2911 2426 2994 imperfectae**.
2534 2912 2664 2976 Sed
2723 2911 2947 2995 quinta
3011 2915 3077 2976 et
3145 2915 3368 2995 quarta

830 3021 1108 3084 maxime
1164 3019 1710 3100 conveniunt***,
1778 3019 1856 3082 de
1914 3041 2040 3102 quo
2096 3019 2164 3082 in
2217 3017 2525 3083 theoricis
2579 3019 2836 3083 nostris,
2942 3019 3071 3083 Sed
3127 3019 3198 3100 in
3256 3018 3368 3082 hoc

832 3133 976 3212 (pag.
1010 3129 1097 3212 53)
1128 3127 1473 3209 volumine,
1517 3127 1774 3212 quando
1809 3128 1885 3191 de
1916 3126 2208 3210 pluribus
2254 3127 2519 3191 vocibus
2564 3126 3002 3205 tractabimu8‚
3054 3126 3368 3191 dicturum

830 3259 933 3302 me
986 3234 1317 3320 polliceor.
1409 3235 1509 3298 Ad
1562 3256 1870 3319 praesens
1926 3239 2142 3299 autem
2196 3234 2282 3298 sit
2335 3235 2493 3299 satis
2555 3236 2748 3318 scire,
2805 3233 3014 3318 quod1
3060 3239 3368 3320 quantum

832 3345 1057 3428 quinta
1113 3344 1311 3407 habet
1366 3342 1810 3426 perfectioniS,
1868 3346 2122 3406 tantum
2178 3347 2407 3427 quarta
2463 3343 2543 3406 ad
2605 3342 3069 3408 dissonantiam
3125 3342 3370 3408 accedit

833 3458 897 3517 et
943 3477 979 3518 a
1025 3450 1461 3516 consonantiis
1508 3450 1769 3514 recedit.
1857 3450 2055 3533 Sicut,
2107 3451 2362 3534 quando
2409 3455 2592 3515 sexta
2638 3473 2716 3514 ex
2759 3453 2954 3516 tertia
2995 3455 3369 3534 procreatur

832 3565 896 3625 et
943 3583 975 3624 e
1023 3563 1265 3641 contra,
1315 3559 1369 3622 si
1415 3580 1640 3622 creans
1690 3562 1787 3621 est
1831 3559 2051 3640 maior,
2116 3563 2332 3622 creata
2385 3560 2684 3642 provenit
2744 3560 2954 3626 minor
3009 3563 3076 3622 et
3133 3581 3169 3622 e
3226 3581 3409 3624 con--

828 3689 1032 3751 verso,
1080 3668 1256 3732 idem
1302 3688 1554 3750 quoque
1590 3666 1667 3729 de
1702 3665 2136 3748 dissonantiiS,
2185 3666 2336 3750 quia
2369 3688 2406 3729 a
2437 3667 2717 3730 secunda
2749 3666 3024 3749 septima
3054 3665 3370 3731 formatur

831 3780 895 3840 et
942 3798 975 3839 e
1022 3780 1263 3840 contra.
1344 3773 1475 3838 Sed
1506 3775 1561 3837 si
1606 3775 1814 3837 maior
1861 3777 1958 3836 est
1989 3795 2232 3855 creanS,
2286 3774 2407 3838 erit
2436 3775 2650 3838 minor
2695 3758 2910 3842 creata
2958 3779 3022 3838 et
3055 3797 3089 3838 e
3121 3780 3364 3840 contra.

1003 4056 1021 4091 1
1058 4052 1209 4119 quia.

999 4139 1030 4173 *
1070 4138 1283 4204 Quinta
1321 4140 1380 4192 et
1418 4139 1626 4212 quarta
1660 4137 1910 4192 multum
1947 4136 2245 4202 differunt3
2283 4155 2417 4191 nam
2453 4155 2568 4190 una
2605 4140 2883 4192 consonat
2918 4154 3023 4206 per
3060 4155 3121 4192 se
3163 4141 3226 4194 et
3263 4137 3373 4192 alia

830 4224 1090 4280 dissonat
1124 4241 1229 4294 per
1265 4241 1324 4279 se
1363 4223 1604 4290 scilicet,
1644 4224 1779 4277 dum
1818 4221 2162 4292 simpliciter
2199 4223 2574 4277 deducuntur.

1000 4312 1064 4346 *³¹²
1100 4311 1221 4380 Ego
1266 4313 1461 4365 autem
1498 4309 1561 4364 in
1596 4310 1773 4365 tertio
1811 4310 2066 4364 Praticae
2101 4312 2348 4378 nostrae,
2389 4310 2488 4377 qui
2529 4312 2978 4380 contrapunctus
3015 4309 3371 4376 inscribitur,

827 4397 1232 4452 consonantias
1291 4396 1623 4451 huiusmodi
1680 4397 1935 4451 ternaria
1996 4395 2237 4450 distinxi
2295 4396 2714 4466 progressione.
2799 4397 2960 4452 Alias
3015 4397 3195 4452 etiam
3247 4399 3372 4453 dico

825 4483 1131 4553 perfectas,
1158 4482 1299 4537 alias
1326 4483 1695 4553 imperfectas
1722 4484 1982 4551 aliasque
2008 4483 2226 4536 medias
2253 4482 2698 4537 auctoritatibus
2729 4485 3090 4550 quorundam
3109 4487 3375 4540 veterum

829 4572 887 4623 et
922 4570 1121 4624 multis
1162 4570 1365 4623 ductus
1405 4568 1747 4624 rationibus.

1000 4658 1096 4692 ***
1134 4655 1243 4710 Hic
1278 4655 1669 4726 pulcherrima
1706 4659 1766 4711 et
1802 4657 1978 4726 longa
2015 4656 2360 4723 subtilisque
2401 4656 2721 4724 disputatio
2759 4657 3032 4712 nascitur.
