3592 5509
1735 411 2163 476 ,46-

688 589 770 654 ab
813 579 942 654 isto
965 581 1328 653 ‘distinctus
1376 582 1504 667 est,
1549 586 1813 652 tertiam
1832 591 1852 631 1
1898 609 2051 652 vero
2096 586 2165 651 in
2198 587 2327 652 alia
2369 587 2667 653 iunctura
2696 588 2951 672 pollicis
2987 588 3227 654 exteri-

688 697 801 779 ori,
822 689 828 693 ’
849 696 961 762 ubi
1003 700 1216 762 motus
1251 695 1446 761 etiam
1469 781 1472 784 ἦ
1494 693 1592 761 est
1621 695 1991 776 distinctus3
2041 699 2335 781 quartam
2366 718 2520 762 vero
2563 697 2633 761 in
2661 697 3063 781 paenultima
3108 720 3227 762 ex-

685 804 911 871 teriori
959 807 1182 870 eadem
1226 804 1494 870 ratione.
1590 803 1939 882 Quintam2
1991 828 2162 882 vero,
2215 807 2517 891 quoniam
2563 806 2876 872 maiorem
2922 806 3231 872 conveni-

689 914 968 978 entiam-⁰·
1026 906 1424 978 habet'cum
1485 913 1694 997 prima
1759 936 1949 998 quam
2013 914 2155 998 ipsa
2224 919 2475 999 quarta,
2540 915 2609 979 in
2666 915 2907 980 vertice
2963 915 3227 999 pollicis

683 1043 998 1107 ponemus
1054 1044 1447 1102 conversam,
1517 1017 1688 1088 idest
1740 1022 2195 1105 respicientem
2254 1023 2547 1108 primam.
2649 1023 2790 1089 Hoc
2841 1023 3010 1102 ideo,
3071 1022 3228 1108 quia

683 1131 798 1195 illa
841 1153 964 1195 vox
1022 1135 1087 1196 et
1131 1131 1296 1195 aliae
1343 1135 1474 1196 tres
1522 1135 1866 1216 sequentes
1921 1131 2204 1196 eiusdem
2254 1131 2585 1217 qualitatis
2641 1137 2791 1198 sunt
2845 1154 2988 1197 cum
3033 1154 3227 1216 prae-

682 1240 898 1304 missis
944 1243 1235 1324 quatuor‚
1285 1238 1534 1304 scilicet
1563 1239 1983 1304 diatessaron.
2074 1239 2160 1304 Et
2204 1239 2297 1305 sic
2342 1244 2591 1305 sextam
2636 1263 2861 1305 vocem
2905 1262 3225 1325 ponemus

683 1348 756 1411 in·
797 1348 1094 1432 sequenti
1124 1348 1424 1412 iunctura
1465 1347 1762 1412 interiori
1810 1347 2264 1431 respicientem
2308 1348 2580 1413 inferius
2629 1351 2694 1414 et
2738 1348 2829 1414 sic
2878 1349 3073 1413 etiam
3118 1371 3225 1412 se-

680 1455 971 1538 ptimam.
1065 1455 1150 1520 Et
1194 1455 1286 1521 sic
1331 1459 1584 1540 septem·
1627 1455 1999 1521 differentes
2045 1456 2369 1521 differenti
2415 1457 2609 1522 modo
2653 1461 2994 1540 ponentur.
3087 1455 3223 1521 Sed

684 1567 926 1647 octava,
979 1586 1143 1649 quae
1190 1563 1420 1629 similis
1453 1569 1552 1628 est
1595 1563 1860 1648 primae,
1920 1563 2169 1630 acutior
2211 1569 2431 1629 tamen
2474 1565 2543 1629 in
2588 1564 2803 1630 radice
2845 1564 3078 1630 indicis
3122 1565 3225 1629 lo-

682 1655 950 1757 cabitur,
1002 1675 1068 1737 et
1114 1671 1420 1757 quoniam
1467 1671 1708 1757 digitus
1753 1671 1867 1737 ille
1914 1672 2214 1737 subtilior
2261 1676 2359 1737 est
2388 1671 2642 1757 pollice,
2693 1672 2862 1738 clare
2893 1677 3224 1737 monstra-

683 1784 790 1845 tur
835 1780 1140 1845 chordam
1173 1780 1578 1846 subtiliorem
1607 1802 1799 1847 voces
1843 1780 2113 1846 reddere
2154 1780 2543 1846 subtiliores.
2635 1781 2848 1846 Aliam
2893 1803 3047 1846 vero
3080 1781 3225 1845 dia—

680 1911 884 1973 pason
929 1888 1053 1954 hoc
1097 1889 1290 1955 modo
1332 1889 1763 1972 disponemus,
1814 1893 1887 1953 ut
1930 1888 2229 1954 similiter
2274 1911 2418 1955 cum
2465 1893 2693 1954 octava
2737 1888 2927 1954 huius
2971 1888 3222 1973 primae

681 1999 994 2082 diapason
1055 1997 1303 2062 scilicet
1371 2001 1468 2060 tas
1532 2017 1848 2081 ponamus
1915 1997 2189 2081 primam
2250 1997 2579 2082 sequentis
2638 1997 2887 2082 scilicet
2935 1998 3088 2081 psal
3152 1996 3224 2059 in

679 2107 884 2190 ipsius
927 2105 1158 2171 indicis
1203 2105 1418 2170 radice
1477 2110 1543 2169 et
1585 2106 1654 2169 in
1699 2105 1981 2170 secunda
2032 2105 2330 2170 iunctura
2372 2107 2439 2188 li,
2492 2105 2563 2170 in
2607 2105 2804 2170 tertia
2852 2111 2978 2189 tur,
3038 2109 3104 2170 at
3150 2105 3223 2168 in

681 2236 930 2280 summo
975 2235 1111 2299 per,
1179 2237 1218 2278 a
1274 2235 1401 2298 qua
1454 2213 1824 2277 summitate
1881 2235 2085 2297 usque
2140 2214 2221 2277 ad
2283 2213 2471 2300 digiti
2527 2213 2725 2278 medii
2779 2213 3222 2278 summitatem

681 2323 837 2386 duas
890 2322 1096 2387 lineas
1140 2320 1590 2406 protrahemus
1643 2320 1881 2405 taliter,
1946 2322 2116 2405 quod
2162 2322 2505 2387 videantur
2554 2321 2653 2386 illi
2714 2322 2840 2387 duo
2888 2321 3076 2407 digiti
3120 2321 3221 2384 al-

675 2430 866 2517 ligati
911 2430 1220 2515 superius,
1271 2435 1337 2496 et
1379 2431 1448 2495 in
1479 2430 1851 2495 summitate
1894 2429 2093 2494 medii
2140 2429 2329 2515 digiti
2372 2452 2687 2514 ponemus
2731 2452 2808 2495 vo
2838 2451 3219 2495 conversam

682 2539 905 2604 eadem
936 2540 1206 2623 ratione,
1258 2561 1385 2624 qua
1429 2540 1508 2603 de
1541 2539 1670 2603 alia
1701 2537 1994 2603 diximus.
2088 2537 2196 2602 Sic
2245 2544 2310 2603 et
2340 2560 2531 2603 voces
2564 2543 2906 2624 sequentes
2938 2561 3217 2623 sequen-

683 2647 859 2712 tibus
903 2647 1217 2712 iuncturis
1265 2648 1648 2732 aptabimus,
1706 2647 1802 2711 ita
1845 2651 1918 2710 ut
1969 2647 2037 2710 in
2082 2646 2299 2712 radice
2351 2647 2553 2731 ipsius
2597 2647 2795 2712 medii
2849 2647 3037 2734 digiti
3088 2669 3219 2713 vox

680 2760 908 2821 octava
954 2755 1307 2821 collocetur
1353 2760 1420 2820 et
1469 2756 1537 2820 in
1582 2754 1799 2820 radice
1844 2754 2077 2819 medici
2112 2757 2264 2839 psal
2312 2755 2381 2819 in
2425 2755 2699 2822 unisono
2744 2759 3038 2840 ponatur.
3128 2756 3221 2820 Et

677 2864 852 2928 idem
895 2863 1009 2928 fiat
1053 2865 1132 2929 de
1179 2863 1308 2928 alia
1338 2863 1650 2947 diapason
1693 2863 1891 2928 tertia
1935 2885 2079 2929 cum
2125 2863 2486 2943 auriculari,
2534 2865 2605 2928 in
2650 2865 2829 2929 cuius
2867 2864 3082 2929 radice
3115 2869 3222 2928 tas

639 2972 875 3062 'faciet
917 2974 1131 3056 finem,
1182 2995 1310 3037 non
1357 2973 1510 3057 quia
1553 2972 1723 3036 ultra
1753 2973 2102 3057 procedere
2150 2973 2231 3036 ad
2276 2973 2595 3038 acutiores
2640 2994 2770 3038 non
2803 2995 2995 3057 posse
3040 2973 3221 3038 dica—

680 3103 824 3146 mus
882 3104 1002 3147 nec
1057 3082 1177 3146 sub
1231 3081 1638 3168 gravioribus
1701 3081 1862 3146 alias
1919 3103 2111 3165 posse
2164 3080 2407 3146 remitti
2467 3104 2777 3168 negemus
2794 3087 2847 3163 ⁴3
2918 3083 3031 3146 sed
3088 3080 3218 3146 hoc

677 3185 965 3274 dicimus,
1016 3191 1166 3274 quia
1210 3188 1311 3254 his
1356 3191 1564 3255 tribus
1597 3190 1908 3274 diapason
1955 3189 2113 3254 satis
2158 3194 2259 3264 ⁴est
2306 3190 2577 3255 dilatata
2616 3190 2924 3255 doctrina.
3015 3191 3100 3255 Et
3144 3191 3218 3254 in

673 3299 979 3385 gravibus
1028 3297 1284 3364 chordis
1337 3299 1513 3364 vocis
1563 3303 1661 3363 est
1702 3299 1951 3381 modae,
2012 3303 2085 3362 ut
2136 3321 2267 3364 non
2322 3298 2402 3362 ad
2446 3298 2956 3364 taciturnitatem
3008 3320 3215 3383 usque

671 3408 956 3493 gravitas
1004 3407 1366 3485 descendat,
1427 3412 1492 3472 et
1534 3408 1602 3472 in
1651 3407 1855 3472 acutis
1899 3407 2012 3472 ille
2060 3408 2419 3490 custoditur
2464 3407 2775 3473 acuminis
2821 3408 3065 3491 modus,
3128 3431 3215 3472 ne

669 3517 869 3599 nervi,
933 3519 1006 3579 ut
1050 3515 1206 3581 dicit
1250 3517 1614 3596 Boetius,
1675 3516 1947 3580 nimium
2005 3516 2175 3581 tensi
2226 3517 2401 3582 vocis
2446 3517 2765 3582 tenuitate
2811 3521 3212 3601 rumpantur,

671 3625 785 3688 sed
843 3627 1054 3688 totum
1119 3624 1245 3688 sibi
1305 3624 1390 3688 sit
1451 3629 1955 3690 consentaneum
2019 3630 2211 3709 atque
2273 3626 2681 3690 conveniens,
2788 3625 3025 3689 Totum
3085 3624 3215 3690 hoc

667 3731 870 3818 igitur
914 3731 1206 3797 subiecta
1248 3732 1599 3817 patefaciet
1641 3733 1850 3820 figura
1866 3740 1908 3798 ⁵.

841 3839 1027 3905 Hanc
1069 3840 1268 3927 igitur
1323 3841 1596 3927 figuram
1652 3843 1742 3907 sic
1789 3843 2171 3927 dispositam
2215 3843 2310 3907 ita
2353 3842 2803 3929 imaginamur,
2860 3846 2935 3907 ut
2989 3841 3212 3927 pollex

666 3971 804 4033 per¹
827 3949 1110 4014 medium
1157 3953 1410 4014 secetur
1456 3949 1638 4034 quasi
1685 3952 1766 4015 ad
1797 3972 2149 4016 concavum
2194 3973 2422 4015 manus
2471 3955 2537 4016 et
2579 3973 2728 4035 pars
2757 3950 3031 4016 interior
3078 3951 3211 4014 eri-

665 4061 858 4143 gatur
915 4056 1106 4122 simul
1165 4080 1308 4122 cum
1361 4057 1574 4123 indice
1631 4082 1670 4122 a
1713 4059 1927 4125 medio
1975 4060 2319 4144 disparato.
2415 4059 2523 4124 Sic
2587 4063 2653 4124 et
2706 4061 2957 4124 medius
3016 4080 3212 4143 super

664 4165 967 4252 ligatura,
1019 4189 1180 4252 quae
1227 4170 1534 4252 utrosque
1589 4189 1706 4252 per
1758 4167 1973 4252 capita
2025 4168 2206 4254 ligat,
2258 4168 2560 4253 erigatur.
2654 4167 2817 4252 Fiet,
2876 4172 2951 4231 ut
2994 4188 3210 4250 voceS,

667 4297 830 4359 quae
889 4275 1126 4340 litteris
1183 4276 1508 4342 conversis
1563 4277 1857 4362 signatae
1916 4281 2083 4360 sunt,
2148 4276 2379 4341 erectis
2436 4277 2810 4363 figurentur.
2920 4276 3211 4340 Medicus

841 4562 860 4600 ¹
896 4559 1153 4615 tertium.
1597 4562 1622 4600 2
1668 4559 1889 4629 quinta.

835 4647 860 4686 3
899 4647 1317 4702 convenientia.
1597 4651 1620 4686 ⁴
1657 4665 1951 4719 negamus.

833 4734 856 4772 5
893 4732 966 4788 Es
1003 4734 1198 4804 folgen
1239 4735 1331 4789 die
1357 4733 1583 4790 Worte:
1629 4735 1841 4790 »Locus
1878 4751 2079 4790 manus
2120 4735 2450 4803 sequentis«
2490 4759 2557 4774 -—
2596 4735 2690 4789 ein
2726 4731 3207 4791 Druckvermerk.
