3592 5509
1716 411 2144 476 ...92—

655 583 925 651 buendo⁴
946 585 1153 669 'quam
1198 583 1510 667 plurimos
1556 581 1918 668 posuimus,
1983 584 2176 652 utin
2217 585 2528 668 Requiem
2579 590 2908 649 aeterna-m
2962 581 3194 648 canon:

665 693 752 758 Ut
776 689 1191 776 ⁴requiescam}
1230 713 1272 756 a
1309 687 1635 757 'laboribus
1675 687 1862 757 suis*
1911 687 2332 775 insinuamus,
2387 693 2557 777 quod
2600 698 2679 757 ut
2723 696 2788 756 et
2829 713 2897 756 re
2943 690 3198 775 sileant,

655 794 907 866 ceterae
953 801 1107 865 vero
1155 804 1437 865 cantent.
1474 797 1481 818 ⁷
1529 795 1660 865 Sed
1707 801 1831 865 etsi
1877 800 2212 884 quiescant
2254 822 2543 882 numer0‚
2603 807 2824 866 tamen
2869 803 3203 883 computa-

654 931 796 974 mus
816 914 836 953 1
868 904 1156 974 valorem
1186 913 1485 973 notarum
1514 907 1584 972 in
1626 908 1868 992 pausiS.
1945 907 2077 974 Sed
2108 908 2255 973 cum
2286 909 2568 974 secundo
2601 904 2860 973 dicitur:
2911 907 2990 971 Si
3035 913 3202 972 tenes

654 1031 805 1082 eum
826 1019 1094 1081 'domino
1122 1018 1568 1100 Ayamemnon
1580 1019 1623 1100 2,
1670 1018 1745 1080 de
1787 1017 1992 1100 capite
2035 1018 2245 1080 nullos
2287 1017 2543 1080 amitte-5
2585 1012 2866 1100 capillos
2888 1016 2963 1078 iri
2997 1036 3203 1100 para-

653 1131 791 1189 nete
819 1117 1081 1208 oie‘teque
1108 1119 1570 1209 synemmenon
1580 1151 1603 1202 ,·
1650 1117 1926 1188 illorum
1941 1125 2179 1188 scilieet
2203 1144 2393 1208 opera
2429 1119 2740 1188 secuntur
2780 1124 2919 1187 illos
2961 1144 3194 1204 omne-3,

652 1233 802 1296 illas
848 1231 1105 1297 notulas
1149 1232 1219 1296 in
1265 1227 1509 1297 canone·
1555 1231 1756 1316 priori
1817 1230 2114 1296 dimissas
2175 1253 2316 1296 esse
2373 1228 2792 1296 resumendas
2842 1231 3196 1295 intimatur.

653 1341 881 1424 Itaque
912 1344 1089 1422 nota,
1136 1362 1299 1424 quae
1340 1335 1466 1404 fuit
1512 1336 1775 1404 dimissa
1818 1341 1890 1404 in
1934 1345 2026 1423 ut,
2074 1339 2371 1405 notulam
2414 1341 2483 1402 in
2528 1347 2608 1403 ut
2646 1337 2926 1422 positam
2973 1360 3202 1422 sequa-

654 1453 775 1530 tur,
814 1441 896 1512 'et
940 1465 1103 1531 quae
1147 1442 1230 1512 in
1258 1469 1327 1511 re
1374 1447 1637 1531 quievit,
1698 1451 1850 1532 post
1893 1448 2186 1512 notulam
2229 1469 2297 1512 re
2339 1446 2700 1512 laborando
2744 1445 3074 1529 reclamet,
3130 1443 3233 1510 ut'

655 1548 854 1620 verba
895 1551 1265 1620 'consonent
1315 1556 1529 1621 rebus,
1622 1556 1707 1620 Et
1768 1577 1913 1621 cum
1973 1579 2050 1620 ex
2106 1554 2546 1640 superioribus
2600 1554 2956 1619 habeamus
3013 1576 3203 1637 para-

653 1668 849 1728 neten
906 1685 1368 1748 synemmenon
1424 1685 1565 1729 esse
1622 1665 1670 1728 k.
1711 1658 1807 1728 in'
1839 1664 2210 1744 coniuncto,
2279 1667 2477 1727 neten
2534 1682 2688 1727 vero
2743 1664 2767 1726 l
2809 1659 2907 1727 in'
2953 1662 3198 1744 eodem,

654 1765 967 1856 sequitur,
1019 1772 1189 1855 quod
1221 1791 1418 1855 opera
1456 1771 1719 1836 illorum
1752 1767 2112 1856 sequuntur
2138 1770 2288 1835 illos
2319 1771 2387 1835 in
2420 1771 2722 1855 diapente
2767 1771 3200 1835 reclamando.

654 1879 740 1942 Et
771 1872 897 1962 sic,
957 1901 1101 1944 cum
1147 1879 1410 1944 notulae
1455 1881 1525 1944 in
1570 1880 1856 1945 secunda
1899 1884 2084 1963 parte
2145 1879 2237 1943 sic
2293 1880 2718 1962 disponantur
2758 1879 2803 1962 f
2817 1901 2859 1962 9
2888 1880 2949 1960 h,
3009 1866 3205 1942 debet

654 1980 829 2052 facta
871 1980 1154 2070 'operum
1212 1987 1539 2052 additione
1591 1988 1636 2071 f
1654 1989 1693 2052 k
1716 2010 1758 2071 9
1788 1989 1813 2052 l
1840 1989 1863 2052 l
1889 1989 1928 2051 h
1989 1988 2266 2072 cantari,
2326 1987 2420 2051 ita
2475 1988 2646 2071 quod
2703 1986 2885 2051 valor
2939 2007 3206 2070 praece-

656 2091 947 2158 dentium
990 2095 1359 2160 notularum
1403 2096 1657 2181 integre
1701 2100 2081 2160 resumatur.
2163 2090 2292 2160 Sic‘
2321 2099 2386 2160 et
2429 2094 2499 2159 in
2545 2094 2694 2177 alio,
2741 2094 2856 2160 ubi
2895 2073 3209 2157 diximus-i

666 2202 753 2266 Ut
780 2203 1091 2286 quiescat,
1150 2205 1344 2267 donec
1386 2208 1605 2287 optata
1658 2205 1892 2286 veniat,
1950 2199 2246 2268 volumus
2303 2204 2676 2267 ostendere:
2735 2202 2978 2285 notula,
3039 2224 3203 2286 quae

655 2309 854 2374 fuerit
881 2309 951 2373 in
979 2311 1024 2394 f
1044 2309 1308 2394 scilicet,
1345 2329 1521 2394 'quae
1560 2310 1793 2375 dicitur
1836 2317 1916 2375 ut
1956 2333 2073 2395 per
2116 2305 2482 2396 vulgarium
2528 2310 2864 2394 dictiones,
2913 2309 3206 2394 quiescat

654 2419 824 2483 idest
869 2418 1061 2483 sileat
1101 2423 1521 2500 numerando,
1580 2416 1783 2483 donec
1830 2420 1913 2483 ad
1955 2419 2150 2484 finem
2193 2418 2392 2483 fuerit
2449 2423 2831 2502 perventum
2875 2419 2978 2504 (Ρ).
3073 2417 3206 2484 Sed

656 2547 802 2589 cum
859 2526 929 2590 in
980 2531 1164 2610 parte
1216 2522 1524 2610 ‘sequenti'
1576 2526 1878 2591 diximus:
1936 2527 2028 2590 Et
2075 2528 2248 2591 sicut
2297 2528 2683 2591 mercenarii
2733 2527 2866 2590 dies
2919 2528 3083 2608 eine,
3131 2531 3206 2590 ut

656 2655 851 2717 supra
894 2634 1189 2699 volumus
1216 2635 1598 2715 ostendere,
1645 2636 1731 2718 id,
1790 2635 1962 2718 quod
2003 2630 2462 2698 inconcinnum
2505 2623 2818 2698 remansit
2860 2634 2930 2698 in
2973 2635 3201 2718 prima,

655 2741 727 2804 in
755 2737 1111 2825 paraneten
1150 2764 1615 2826 synemmenon
1658 2746 2024 2807 resumatur
2065 2742 2135 2806 in
2181 2743 2480 2824 secunda,
2527 2745 2600 2805 ut
2642 2741 2714 2805 in
2758 2742 2886 2806 alio
2931 2741 3204 2806 fecimus

657 2871 902 2914 canone
970 2851 1077 2914 Ad
1137 2852 1402 2914 modum
1466 2851 1874 2932 mercenarii,
1953 2845 2133 2914 cuius
2189 2849 2326 2914 dies
2390 2849 2460 2914 in
2527 2849 2686 2914 fallo
2707 2854 2731 2894 3
2803 2850 2882 2913 ad
2949 2849 3205 2914 satisfa-

657 2959 940 3022 ctionem
983 2959 1052 3023 in
1098 2958 1242 3023 aliis
1288 2963 1757 3042 computantur.

834 3065 1013 3130 Cum*
1041 3087 1195 3130 vero
1244 3065 1478 3130 dicitur
1520 3066 1618 3130 Ne
1660 3067 2022 3147 recorderiS,
2079 3065 2248 3130 clare
2296 3065 2676 3149 ostenditur,
2739 3064 2910 3148 quod
2951 3085 3020 3128 re
3071 3067 3204 3129 non

657 3178 937 3258 ponatur
977 3174 1048 3237 in
1093 3173 1350 3238 chorda.
1438 3173 1747 3257 Idemque
1794 3173 1914 3238 de⁴
1957 3195 2026 3237 re
2072 3177 2136 3237 et
2178 3175 2277 3236 mi
2316 3172 2762 3258 intelligimus,
2813 3193 2958 3236 cum
3001 3192 3206 3254 neque

654 3283 1097 3346 remini-scaris
1165 3281 1465 3365 ponimus
1528 3281 1916 3365 computatis
1979 3285 2198 3344 tamen
2263 3280 2534 3344 morulis
2604 3279 2928 3344 canendis.
3040 3278 3204 3343 Cum

658 3411 811 3454 vero
856 3389 1214 3474 penultimo
1263 3387 1536 3455 diximus
1587 3389 2014 3472 Requiesecmt
2052 3390 2128 3452 in
2173 3409 2351 3473 paee,
2412 3387 2582 3452 clare
2644 3391 3078 3452 monstramus
3135 3408 3204 3450 re

655 3519 865 3581 neque
897 3497 1204 3560 in'cantu
1249 3519 1456 3580 neque
1500 3496 1570 3561 in
1613 3519 1817 3581 pausa
1865 3519 2002 3561 esse
2048 3497 2438 3580 ponendum,
2486 3497 2603 3560 sed
2643 3494 2888 3559 intacto
2937 3495 3203 3559 dimisso

660 3605 741 3668 ad
773 3603 966 3668 aliam
1012 3625 1237 3669 vocem
1281 3625 1399 3667 nos
1445 3604 1929 3668 transferamus.
2010 3603 2174 3668 C'um
2217 3625 2370 3668 vero
2415 3603 2646 3668 ultimo
2692 3603 2927 3668 dicitur
2970 3604 3201 3680 Amen,

655 3711 1083 3797 intelligimus
1118 3709 1357 3776 'eodem
1401 3713 1594 3776 modo
1639 3712 1940 3776 fiendum.
2960 3694 2964 3698 ¹

829 3820 1024 3885 Alios
1046 3819 1320 3884 aliorum
1351 3841 1629 3884 canones
1661 3819 1937 3883 vidimus
1967 3819 2342 3903 permultOS,
2391 3819 2552 3882 alios
2595 3822 2660 3882 et
2703 3839 2823 3882 nos
2868 3817 3204 3901 posuimus

661 3951 853 4013 quam
896 3928 1227 4013 plurimos.
1320 3927 1558 3992 Verum
1606 3927 1755 4011 quia
1803 3928 1882 3991 de
1927 3924 2423 4010 particularibus
2469 3925 2742 3990 scientia
2784 3948 2916 3991 non
2961 3926 3205 4008 poterit

658 4035 904 4119 haberi,
956 4039 1069 4100 aut
1100 4033 1401 4118 si'aliqua
1445 4035 1713 4099 minima
1757 4056 1908 4118 pars
1955 4033 2225 4099 confusa
2271 4055 2525 4117 semper
2572 4037 2766 4116 extat,
2815 4033 2892 4097 de
2919 4031 3205 4097 ‘canoni-

658 4144 779 4208 bus
828 4145 908 4208 ad
935 4137 1216 4230 'ingenia
1262 4141 1655 4207 subtilianda
1703 4147 1767 4206 et
1813 4142 2102 4206 acuenda
2149 4142 2320 4206 dicta
2365 4141 2708 4207 sufficiant.
2761 4144 2901 4224 (pag.
2940 4144 3045 4222 73.)

838 4423 853 4456 ¹
893 4419 1296 4488 computando.
1712 4417 1735 4454 ²
1772 4432 2110 4486 agamenon.

830 4507 853 4545 3
891 4505 1051 4560 Nach
1087 4505 1187 4559 Du
1225 4503 1463 4573 Gange
1498 4503 1580 4558 ist
1613 4503 1818 4557 sallum
1855 4526 1918 4550 =
1959 4502 2238 4569 defectus,
2279 4501 2570 4557 delictum.
2896 4503 2919 4538 ⁴
2958 4504 3060 4555 est.

832 4593 862 4626 *
902 4591 1098 4645 Clarus
1124 4594 1198 4671 'et
1235 4589 1561 4646 sententiae
1601 4593 1932 4658 competens
1974 4605 2171 4644 canon.
