3592 5509
1738 317 2216 381 ...106-

880 498 1232 575 Composuit
1261 497 1476 557 etenim
1509 496 1870 573 opusculum
1902 495 2060 556 circa
2097 496 2352 556 musices
2382 494 2771 571 disciplinam,
2813 493 2877 552 in
2922 510 3063 569 quo,
3108 511 3241 551 cum

709 603 874 679 velit,
922 601 1082 680 quod
1126 601 1377 662 Boetius
1443 599 1707 677 quinque
1760 600 1930 659 libris
1997 598 2536 676 comprehenderit,
2596 617 2882 676 enarrare,
2933 595 3245 656 confundit

708 707 1079 788 apertissime
1108 725 1176 766 ac
1216 703 1510 783 pervertit
1551 722 1784 763 omnem
1829 703 2073 763 virtutis
2116 722 2186 762 ac
2230 702 2531 763 doctrinae
2577 701 2859 761 ordinem.
2933 699 3245 759 Praeterea

707 812 929 874 nedum
956 811 1286 870 insectatur
1317 807 1668 886 Gnidonem,
1714 805 1818 866 sed
1849 807 2029 866 etiam
2060 825 2449 883 quoscunque
2477 805 2712 866 noverit
2754 805 2919 864 illius
2963 823 3244 880 sequaces

707 916 1010 992 obiurgat,
1055 915 1280 974 lacerat
1345 916 1406 972 et
1449 912 1709 988 quodam
1755 911 1964 971 canino
2008 912 2234 971 latratu
2277 910 2564 970 stimulat.
2656 908 2888 969 Laudat
2915 927 3246 985 numquam

707 1020 745 1078 J
760 1020 1114 1078 ohannem
1168 1015 1511 1077 Carthusiae
1586 1015 1974 1091 monachum,
2036 1015 2143 1091 qui
2198 1015 2466 1074 maximis
2523 1013 2853 1091 praeconiis
2911 1032 3086 1089 opere
3132 1031 3242 1072 suo

708 1122 944 1183 extollit
974 1121 1325 1184 Gnidonem.
1417 1121 1570 1180 Ecce
1601 1120 2004 1180 contrarietas.
2081 1119 2312 1196 Legisti
2341 1117 2660 1195 aliquando
2690 1118 2922 1196 private
2955 1116 3244 1177 Guidonis

709 1227 1085 1305 opusculum,
1134 1226 1278 1286 dum
1322 1243 1475 1285 esses
1519 1223 1840 1301 Bononiae,
1874 1243 1909 1282 a
1938 1242 2032 1282 me
2062 1222 2416 1299 praestitum
2447 1226 2508 1282 et
2545 1243 2582 1282 a
2609 1225 2670 1282 te
2700 1241 2820 1282 non
2846 1223 3238 1282 intellectum.

710 1331 759 1391 Ο
808 1331 1061 1391 hominis
1116 1329 1403 1405 insitiam,
1470 1346 1504 1387 o
1562 1327 1822 1386 hominis
1877 1326 2239 1387 iactantiam.
2331 1325 2482 1385 Nam
2536 1327 2598 1385 in
2658 1327 2817 1386 calce
2876 1326 2970 1385 sui
3030 1325 3240 1402 operiS,

708 1434 852 1494 dum
893 1432 1282 1494 monochordi
1326 1431 1694 1509 divisionem,
1744 1449 1897 1507 quae
1943 1429 2181 1490 omnino
2227 1430 2495 1490 confusio
2541 1432 2646 1506 est,
2697 1429 3005 1507 examinat,
3054 1430 3140 1489 ait
3185 1449 3244 1488 se

708 1538 915 1598 multis
968 1537 1191 1616 vigiliis
1245 1531 1313 1596 ac
1368 1536 1571 1596 labore
1624 1554 1743 1595 non
1796 1534 2031 1594 modico
2094 1535 2480 1610 antiquorum
2543 1523 2860 1611 praecepta
2924 1533 3240 1610 lectitasse,

706 1642 841 1701 ideo
900 1641 1055 1702 velle
1121 1641 1183 1699 in
1248 1639 1381 1700 hoc·
1415 1658 1674 1698 errorem
1731 1637 2170 1698 neotericorum
2222 1637 2444 1698 evitare
2465 1635 2503 1697 ¹.
2595 1637 2930 1716 Videtisne,
3007 1656 3240 1714 quaese,

708 1765 889 1822 quam
952 1743 1171 1822 inanis,
1244 1761 1425 1820 quam
1489 1761 1797 1820 arrogans,
1866 1761 2048 1819 quam
2107 1742 2421 1801 temeraria
2484 1742 2664 1801 huius
2723 1741 2980 1802 hominis
3045 1761 3246 1818 repre-

707 1843 963 1908 hensio?
1057 1847 1177 1910 Ubi
1231 1847 1594 1906 musicorum
1652 1846 1970 1905 monarcha
2020 1845 2288 1932 Boetius,
2346 1845 2452 1922 qui
2504 1844 2847 1905 huiusmodi
2898 1845 3247 1906 divisionem

707 1951 1197 2012 luculentissimis
1273 1950 1603 2010 rationibus
1676 1944 1938 2027 probat?
2043 1949 2162 2008 Ubi
2227 1949 2464 2010 Aretini
2523 1949 2564 2008 J
2566 1949 2928 2026 ohannisque
2994 1949 3246 2010 Carthu-

706 2037 912 2116 siensis
978 2054 1189 2116 divisio
1257 2052 1774 2132 pervulgatissima
1789 2098 1805 2126 ,
1879 2073 2060 2130 quam
2117 2071 2292 2112 nemo
2354 2056 2476 2113 tam
2533 2052 2782 2130 puerilis
2847 2054 3057 2114 aetatis
3121 2057 3246 2112 tam

708 2159 1023 2219 imbecillis
1068 2177 1297 2237 sensuS,
1345 2158 1443 2218 cui
1487 2156 1832 2217 huiusmodi
1878 2156 2304 2217 demonstratio
2349 2156 2429 2216 sit
2473 2152 2746 2217 seclusa?
2795 2157 2930 2217 Non
2975 2157 3248 2218 omittam

708 2265 1013 2341 praeterea
1055 2263 1235 2324 huius
1278 2262 1395 2322 viri
1439 2279 1691 2321 crassam
1738 2261 1897 2320 circa
1939 2261 2234 2337 principia
2288 2259 2548 2320 musicae
2593 2260 2953 2340 doctrinam,
3007 2263 3070 2321 in
3127 2281 3247 2339 qua

712 2367 1089 2445 lugubrando
1136 2366 1243 2425 diu
1286 2365 1579 2426 laborasse
1626 2364 1844 2442 inquit,
1892 2366 1965 2424 ut
2009 2364 2295 2424 dictiones
2339 2364 2592 2442 singulis
2638 2345 2872 2426 chordis
2915 2366 3249 2442 imponeret

708 2489 908 2548 novaS,
959 2489 1111 2547 quae
1158 2470 1229 2529 ab
1275 2469 1405 2548 ipso
1458 2469 1571 2528 hoc
1627 2469 1806 2528 modo
1853 2468 2304 2528 describuntur:
2361 2468 2521 2545 Psal‚
2570 2469 2631 2542 li,
2679 2474 2789 2546 tur,
2827 2488 2958 2546 per,
3002 2489 3091 2543 vo,
3137 2489 3244 2542 σεε,

705 2575 779 2648 ie,
827 2580 915 2633 tas
926 2571 969 2632 2.
1064 2572 1227 2644 Quae
1271 2572 1613 2633 huiusmodi
1658 2572 2072 2649 descriptionis
2117 2572 2421 2632 conclusio
2468 2576 2583 2632 est:
2631 2573 2915 2656 Psallitwr
2947 2593 3059 2650 per
3084 2593 3248 2634 voees·

705 2678 851 2737 istas
863 2678 909 2738 3.
987 2677 1036 2738 Ο
1070 2677 1422 2754 vecordiam,
1473 2696 1507 2736 o
1552 2677 1951 2755 ignorantiam
1995 2697 2114 2736 non
2143 2674 2474 2738 ferendam!
2523 2677 2905 2756 Recognosce
2934 2680 2994 2738 te
3026 2678 3241 2754 ipsum.

707 2782 1007 2842 Describis
1064 2782 1223 2841 enim
1278 2781 1440 2858 apud
1496 2781 1774 2856 antiquos
1828 2781 1995 2842 vario
2051 2781 2191 2840 stilo
2249 2783 2310 2840 et
2364 2801 2548 2858 paene
2603 2781 2837 2858 inutili,
2907 2785 2981 2842 ut
3038 2785 3098 2842 et
3139 2801 3249 2842 nos

708 2885 1011 2946 Bononiae
1055 2886 1117 2944 in
1160 2885 1524 2946 bibliotheca
1568 2885 1692 2945 divi
1735 2885 2036 2945 Dominici
2087 2885 2489 2945 lectitavimus
2540 2888 2679 2962 post
2730 2885 2930 2945 Boetii
2983 2884 3249 2945 codicem

706 2989 769 3048 in
811 2993 984 3068 tergo
1028 2989 1213 3050 fuisse
1259 2988 1655 3049 decantatum.
1758 2987 1821 3047 Si
1866 2989 2024 3048 enim
2069 2989 2230 3066 apud
2274 2987 2582 3050 Oddonem
2625 2988 3246 3066 Euchiridionemque‚

707 3098 780 3153 ut
832 3093 1065 3169 scribis,
1127 3092 1445 3153 invenisti4
1502 3095 1563 3152 et
1605 3092 1775 3169 parvi
1833 3092 2082 3170 pendaS,
2141 3111 2320 3170 quem
2362 3094 2514 3153 falso
2559 3112 2668 3170 pro
2719 3093 2958 3153 nomine
3000 3095 3246 3171 proprio

708 3197 913 3274 habeS,
973 3217 1113 3258 cum
1156 3197 1398 3256 libellus
1441 3197 1735 3256 manualis
1780 3197 1861 3256 sit
1906 3200 1968 3256 et
2013 3198 2419 3274 apocryphuS,
2471 3217 2580 3257 cur
2622 3216 2742 3256 non
2785 3197 2876 3257 vis
2920 3199 3127 3274 etiam,
3175 3203 3249 3258 ut

712 3303 773 3360 et
832 3301 1017 3360 ceteri
1075 3301 1146 3359 de
1202 3302 1263 3359 te
1321 3300 1435 3360 hoc
1494 3295 1797 3360 sentiant?
1864 3301 2050 3359 Erant
2103 3301 2262 3360 enim
2318 3299 2478 3378 apud
2531 3301 2670 3360 illos
2713 3301 2857 3361 haec
2901 3302 3247 3361 notularum

708 3405 972 3462 nomina:
1042 3403 1183 3478 Noe,
1243 3421 1379 3479 noa,
1433 3421 1603 3480 anne,
1666 3422 1823 3480 cane,
1878 3403 2020 3481 aqi-3,
2084 3403 2587 3481 quemadmodum
2630 3404 2790 3482 apud
2833 3424 2942 3465 nos
2985 3406 3247 3482 syllabae

714 3505 1021 3566 Guidonis.
1112 3506 1238 3565 Alii
1280 3525 1422 3567 vero
1454 3507 1539 3566 sic
1569 3506 1935 3586 figurarunt:
1994 3507 2110 3584 Μ,
2148 3526 2253 3584 pc,
2301 3508 2388 3580 de,
2432 3527 2563 3580 noe,
2611 3509 2703 3583 tri,
2753 3513 2820 3585 te,
2867 3529 3020 3585 quae
3066 3511 3249 3569 etiam

710 3611 794 3670 sic
841 3609 1250 3688 significabant
1291 3613 1364 3670 ut
1406 3611 1648 3688 primae.
1739 3611 1830 3670 De
1863 3611 2080 3687 quibus
2126 3612 2399 3672 omnibus
2429 3613 2588 3688 apud
2633 3613 2671 3671 J
2687 3613 3032 3672 ohannem
3077 3611 3247 3672 Car-

710 3715 1146 3774 thusiensem
1190 3714 1331 3774 satis
1376 3714 1611 3774 abunde
1656 3714 1903 3774 dictum.
1995 3715 2161 3774 Haec
2207 3716 2424 3775 etenim
2453 3719 2588 3776 ante
2618 3716 2860 3776 beatum
2889 3715 3247 3794 Gregorium

709 3819 968 3878 inventa.
1278 3898 1285 3906 .

883 3921 1273 3981 Postmodum
1332 3922 1383 3980 si
1444 3920 1767 4000 Gregorius
1825 3923 1948 3983 illis
2004 3927 2239 3984 tantum
2295 3926 2520 4000 septem
2579 3924 2842 3983 voluerit
2896 3924 2989 3983 uti
3044 3924 3247 3984 latinis

708 4025 927 4084 litteris
987 4025 1263 4102 quotiens
1317 4044 1467 4102 opus
1522 4027 1708 4086 fuerit
1762 4028 2066 4103 replicatis
2122 4031 2183 4087 et
2234 4027 2585 4087 Ambrosius
2644 4030 2824 4105 atque
2868 4028 3246 4106 Augustinus

885 4255 904 4290 1

880 4339 904 4376 2
938 4251 1078 4410 ἔξει
1090 4251 1165 4394 tSa
1177 4254 1251 4394 ῗο
1287 4339 1431 4394 hebt
1465 4339 1527 4393 in
1564 4341 1667 4394 der
1701 4339 1959 4407 Defensio
1993 4341 2060 4394 in
2086 4340 2312 4396 Nicolai
2343 4341 2537 4396 Burtii
2566 4341 2892 4397 Parmensis
2926 4343 3246 4411 opuseulum

712 4425 880 4491 (1491)
918 4425 1232 4480 besonders
1270 4425 1490 4493 hervor,
1532 4425 1645 4480 dass
1683 4426 1807 4482 die
1815 4429 2010 4482 ersten
2049 4427 2173 4482 drei
2205 4426 2418 4482 Vokale
2455 4427 2518 4482 in
2553 4428 2662 4482 den
2700 4427 2900 4484 Silben
2923 4430 3026 4484 des
3051 4428 3245 4483 Ramis

714 4529 791 4565 zw
799 4510 973 4566 eimal
1007 4512 1378 4568 vorkommen
1417 4517 1617 4581 (questa
1652 4531 1680 4567 e
1713 4514 1969 4582 adunque
1995 4515 2237 4582 perfecta
2273 4514 2553 4580 doctrina).

882 4599 906 4636 3
940 4597 1312 4668 Vg1.S.19f.
1672 4600 1697 4636 4
1734 4598 1903 4654 Siehe
1943 4599 1994 4654 S.
2024 4600 2104 4653 19.
