3592 5509
1813 411 2247 475 „24-

803 621 806 629 .
869 594 872 597 ’
937 584 1059 649 His
1104 584 1489 651 'rationibus
1527 584 1970 671 ⁴geometricis
2037 584 2472 669 adiungantur
2535 588 2805 647 naturae
2870 604 3307 649 numerorum.

774 693 942 759 Nam
973 713 1201 757 monas
1243 696 1519 775 punctus
1564 696 1845 775 putatur,
1896 692 2063 775 quia,
2098 691 2266 756 sicut
2294 695 2571 775 punctus
2601 712 2833 775 corpus
2862 714 2993 757 non
3027 696 3143 773 est,
3192 691 3312 754 sed

778 823 855 864 ex
901 822 970 865 se
1016 799 1176 864 facit
1222 821 1471 883 corpuS,
1517 799 1612 864 ita
1655 822 1883 865 monas
1927 821 2231 863 numerus
2288 820 2427 863 esse
2472 821 2603 864 non
2650 798 2883 864 dicitur
2925 801 3041 864 sed
3082 821 3315 864 nume-

763 930 986 974 rorum
1031 908 1233 993 origo.
1345 907 1599 973 Primus
1662 929 1817 994 ergo
1871 928 2176 972 numerus
2230 906 2519 971 binarius
2576 912 2690 988 est,
2749 909 2859 991 qui
2920 906 3148 973 similis
3210 912 3314 971 est

763 1016 976 1082 lineae
1045 1017 1122 1081 de
1183 1020 1432 1100 'puncto
1495 1016 1614 1081 sub
1673 1014 1935 1101 gemina
1989 1019 2374 1098 punctorum
2418 1014 2875 1080 terminatione
2916 1020 3307 1099 protractae.

767 1124 892 1189 Hic
935 1145 1241 1189 numerus
1285 1124 1456 1188 idest
1499 1124 1788 1189 binarius
1837 1122 2199 1208 duplicatus
2245 1121 2324 1187 de
2371 1143 2439 1186 se
2458 1124 2465 1129 ’
2487 1119 2763 1206 quatuor
2802 1122 2985 1204 facit3
3049 1128 3314 1208 quater-

763 1233 984 1297 narius
1030 1238 1284 1316 quoque
1339 1232 1730 1318 geminatus
1768 1231 2171 1296 octonarium
2215 1230 2442 1312 reddit,
2505 1232 2614 1313 qui
2666 1252 2974 1296 numerus
3028 1231 3315 1297 solidum

765 1350 996 1423 corpus
1053 1335 1364 1407 imitatur.
1456 1340 1754 1404 Diximus
1824 1340 1995 1403 enim
2050 1339 2206 1404 duas
2260 1338 2468 1405 lineas
2524 1340 2769 1405 duabus
2833 1339 3024 1405 lineis
3085 1362 3314 1423 super-

762 1448 1008 1531 positas
1067 1452 1215 1513 octo
1280 1447 1662 1533 angulorum
1731 1445 2132 1512 dimensione
2188 1448 2511 1533 integram
2566 1447 2853 1531 corporis
2910 1448 3313 1513 soliditatem

764 1577 1002 1623 creare.
1119 1555 1205 1620 Et
1270 1555 1393 1621 hoc
1433 1560 1573 1638 est,
1645 1556 1818 1639 quod
1846 1562 1851 1567 “
1878 1556 2047 1639 apud
2107 1559 2477 1642 geometres
2548 1552 2783 1620 dicitur
2836 1555 2938 1620 bis
2994 1555 3149 1620 bina
3202 1555 3312 1619 bis

765 1671 1003 1747 corpus
1045 1662 1322 1728 solidum
1378 1685 1537 1745 esse,
1588 1664 1782 1748 quod„
1814 1663 2263 1728 Macrobius
2324 1668 2787 1728 commemorat
2838 1664 2907 1727 in
2963 1663 3169 1729 libro¹
3232 1666 3316 1728 de

755 1772 1013 1839 ,smnio
1058 1770 1384 1855 Scipionis
1450 1770 1594 1835 aliis
1665 1772 1925 1855 quidem
1990 1770 2223 1849 verbi8‚
2296 1772 2565 1836 eandem
2627 1776 2848 1836 tamen
2914 1772 3313 1836 sententiam

764 1879 1263 1944 continentibus.
1356 1878 1444 1943 Et
1509 1879 1898 1943 concludit:
1941 1902 1979 1943 a
2040 1879 2181 1963 pari
2239 1901 2393 1965 ergo
2420 1857 2716 1948 ‘numero
2772 1878 3054 1945 accessio
3099 1902 3313 1963 usque

761 1987 844 2051 ad
890 1989 1036 2051 octo
1093 1986 1386 2051 soliditas
1436 1990 1534 2051 est
1577 1987 1884 2070 corporis,
1952 1991 2016 2051 et
2068 1988 2506 2072 prosequitur:
2561 1987 2711 2052 ideo
2764 1987 2935 2052 inter
2987 1987 3315 2071 principia

760 2093 912 2158 huic
956 2116 1224 2159 numero
1270 2094 1741 2178 plenitudinem
1788 2095 2117 2178 deputant.
2210 2094 2667 2161 Concludimus
2722 2117 2877 2181 ergo
2933 2118 3076 2179 noS,
3131 2098 3314 2179 quod

762 2202 874 2285 qu'i
934 2206 1080 2267 octo
1134 2223 1323 2267 voces
1376 2205 1634 2268 truncat
1691 2207 1804 2267 aut
1855 2202 2088 2267 minuit
2142 2226 2181 2267 a
2224 2202 2469 2268 musica
2533 2207 2773 2283 nostra,
2836 2203 3311 2286 perfectionem

764 2314 958 2393 atque
1003 2310 1472 2393 plenitudinem
1519 2310 1730 2375 aufert
1776 2311 1858 2375 ab
1908 2334 1999 2376 ea.
2093 2311 2241 2375 Non
2298 2333 2450 2397 ergo
2504 2333 2810 2375 numerus
2866 2321 3127 2376 octavus
3179 2312 3311 2375 im-

763 2416 1090 2500 perfectus
1139 2424 1254 2500 est,
1303 2420 1416 2483 sed
1459 2418 1530 2481 in
1571 2418 1819 2483 musica
1848 2418 2077 2502 plenus
2124 2424 2315 2503 atque
2347 2418 2690 2503 perfectUS‚
2741 2419 3046 2503 quoniam
3090 2424 3307 2485 totum

759 2525 1101 2589 continens
1150 2531 1248 2590 est
1295 2530 1360 2591 et
1403 2530 1580 2591 totus
1627 2531 1994 2610 concentuS‚
2042 2532 2115 2591 ut
2160 2549 2353 2610 saepe
2402 2527 2643 2592 dictum
2677 2532 2791 2605 est,
2842 2532 2988 2593 octo
3032 2527 3306 2593 vocibus

761 2632 1128 2697 includitur.
1217 2634 1369 2699 Non
1439 2656 1592 2720 ergo
1650 2634 1910 2719 frustra,
1964 2634 2163 2699 immo
2218 2635 2584 2699 necessario
2640 2635 2883 2699 utimur
2938 2634 3303 2712 octonari03

749 2743 829 2804 et
875 2740 952 2804 de
997 2739 1099 2805 his
1144 2740 1503 2829 hactenus·
1567 2742 1753 2807 Nunc
1802 2744 1883 2807 ad
1926 2764 2152 2808 vocem
2195 2742 2417 2828 figuris
2463 2744 2532 2807 in
2576 2742 2771 2826 plano
2811 2745 3305 2825 repraesentan-

761 2848 911 2911 dam
955 2848 1354 2915 festinamus.
1759 2850 1762 2854 ’

927 3130 958 3166 ·1
991 3126 1218 3183 librum.
