3592 5509
1363 456 1449 466 —
1541 416 1840 481 109—

326 595 564 672 aequali
610 594 902 654 suavitate
948 594 1195 671 spiritus
1238 595 1639 671 proferantur.
1731 593 1844 654 Sed
1877 595 2018 670 quia
2047 595 2110 653 in
2145 578 2177 650 b
2202 594 2268 669 fa
2301 579 2334 670 ἡ
2364 594 2453 653 mi
2479 595 2598 656 duo
2644 599 2788 656 sunt
2815 596 2864 673 b,

324 718 517 758 unum
560 699 723 774 quod
768 698 1149 759 semitonium
1206 698 1426 759 mobile
1470 698 1794 777 significat,
1851 699 2080 758 scilicet
2123 676 2158 750 17
2200 698 2552 775 rotundum,
2609 699 2868 760 alterum

326 821 491 879 ver0,
540 802 704 879 quod
748 802 1021 863 stabilem
1065 802 1446 880 demonstrat,
1494 803 1723 863 scilicet
1768 797 1795 874 Π
1837 802 2130 878 quadrum
2175 802 2268 861 vel
2315 802 2638 865 secundum
2684 822 2867 880 quos·-

326 907 466 964 dam
510 905 729 964 durum
771 909 1205 983 nuncupatum,
1250 906 1383 966 ideo
1430 907 1812 966 semitonium
1856 905 2062 966 durale
2105 906 2434 966 nominavit
2477 907 2554 964 ad
2589 906 2864 966 differen-

328 1011 479 1070 tiam
523 1010 821 1070 semitonii
864 1010 1120 1087 mobilis,
1171 1010 1336 1086 quod
1378 990 1413 1064 b
1446 1010 1705 1070 rotundo
1752 1010 2207 1070 demonstratur.
2299 1009 2636 1070 Adhaereat
2678 1011 2867 1089 igitur

325 1113 536 1191 lingua
585 1113 859 1173 faucibus
912 1114 1061 1190 tuis,
1126 1114 1270 1173 dum
1328 1112 1474 1190 quid
1525 1114 1806 1174 venenati
1855 1132 2028 1190 paras
2084 1131 2381 1190 evomere,
2441 1133 2515 1172 ne
2561 1116 2863 1175 tantorum

324 1221 571 1293 patrum
614 1218 937 1277 auctoritas
979 1221 1087 1277 tuo
1131 1218 1321 1278 livore
1366 1217 1691 1294 polluatur.

501 1339 623 1397 cap.
658 1322 746 1379 28
778 1318 897 1397 (fol.
935 1322 1008 1379 31
1038 1318 1129 1397 r.).
1224 1321 1507 1381 Omittam
1556 1325 1862 1397 praeterea
1890 1319 2198 1380 brevitatis
2227 1321 2436 1400 gratia,
2474 1339 2862 1398 quoscunque

327 1424 509 1484 etiam
552 1425 771 1486 nostris
790 1424 811 1464 1
854 1425 1222 1503 temporibus
1266 1425 1329 1483 in
1373 1425 1547 1485 Italia
1593 1425 1918 1485 claruerint
1961 1424 2122 1484 viros
2166 1425 2227 1484 et
2271 1424 2486 1484 sensim
2530 1429 2858 1502 emergunt.

324 1528 409 1587 Hi
466 1532 605 1588 sunt
660 1548 952 1606 gemmae,
1011 1529 1077 1586 hi
1133 1529 1413 1605 unioneS,
1474 1528 1695 1606 saphiri
1750 1528 2098 1605 lapidesque
2150 1529 2436 1607 preciosi,
2497 1547 2647 1604 quos
2690 1529 2864 1589 Italia

324 1632 591 1708 pullulat
645 1636 706 1691 et
760 1632 1057 1709 producit.
1150 1631 1333 1692 Sileat
1396 1633 1588 1710 igitur
1646 1631 2035 1692 barbarorum
2103 1632 2296 1692 rabies
2377 1635 2438 1691 et
2507 1632 2862 1692 infrenatam

324 1735 567 1812 penitus
624 1736 1018 1812 petulantiam
1072 1737 1349 1796 amittant
1365 1750 1403 1810 3,
1442 1737 1856 1813 speculentur,
1911 1736 2181 1812 videant,
2244 1736 2532 1812 quicquid
2574 1755 2695 1799 non
2737 1737 2861 1796 sine

324 1840 581 1898 maxima
624 1840 890 1900 omnium
932 1839 1109 1899 laude
1154 1840 1381 1900 elevata
1423 1839 1629 1900 Italiae
1672 1839 1911 1916 ingenia
1953 1839 2122 1899 nobis
2166 1839 2462 1915 profuere.

1540 2132 1641 2203 II.

498 2299 633 2362 Aus
681 2298 794 2362 der
840 2296 1084 2363 Schrift
1129 2297 1240 2362 des
1285 2297 1708 2363 Johannes
1753 2298 1815 2362 H
1830 2296 2121 2382 othby:
2178 2261 2498 2364 Excitatio
2548 2299 2862 2384 quaedam

326 2407 608 2470 Musicae
657 2404 812 2470 artis
857 2427 975 2489 per
1017 2404 1477 2471 refutationem
1522 2405 1846 2490 (Florenz,
1907 2406 2074 2470 Bibl.
2135 2405 2284 2471 Nat.
2345 2405 2647 2472 Centrale
2702 2405 2857 2472 Ood.

325 2514 531 2580 Palat.
555 2513 745 2596 472).

497 2630 690 2688 Voces
733 2631 1055 2706 praeterea,
1104 2647 1256 2705 quae
1300 2628 1522 2688 habent
1542 2632 1633 2686 -αί
1671 2645 1735 2686 rc
1776 2627 1886 2705 mi,
1941 2627 2186 2688 alterius
2231 2627 2529 2702 semitonii
2572 2607 2863 2689 rationem

323 2732 391 2807 fa
418 2732 511 2792 sol
537 2733 597 2791 la
639 2731 855 2792 habere
900 2730 1219 2808 aliqnando
1253 2735 1344 2792 est
1372 2750 1624 2792 necesse.
1716 2724 1823 2791 Sic
1859 2734 2065 2791 contra
2093 2749 2245 2807 quae
2273 2729 2340 2805 fa
2367 2731 2458 2790 sol
2486 2731 2544 2790 la
2573 2731 2859 2808 obtinent,

324 2837 570 2898 alterius
598 2835 827 2896 ratione
856 2840 926 2894 ut
952 2853 1013 2894 rc
1040 2835 1131 2893 mi
1172 2835 1286 2894 sibi
1330 2835 1490 2896 tueri
1519 2832 1853 2912 possuntfl).
1913 2835 2006 2893 Fa
2034 2834 2124 2893 sol
2151 2834 2210 2892 la
2239 2835 2419 2893 etiam
2447 2854 2557 2912 pro
2587 2840 2656 2893 ut
2682 2853 2742 2894 re
2770 2836 2861 2894 mi

326 2939 590 3000 eiusdem
635 2938 933 2999 semitonii
977 2939 1237 3016 proferri
1264 2938 1583 3015 aliquando
1615 2937 1978 2998 conceditur.
2073 2935 2269 3007 Quare
2305 2937 2422 2997 tria
2449 2937 2862 2998 tantummodo

326 3044 469 3104 satis
513 3062 638 3104 esse
682 3044 968 3117 valerent,
1015 3043 1285 3119 quamvis
1329 3041 1504 3102 modo
1549 3042 1622 3101 ab
1653 3060 1794 3119 unc,
1839 3040 2016 3100 modo
2052 3040 2124 3120 ab
2155 3041 2272 3100 alio
2303 3042 2616 3101 semitonio
2647 3042 2866 3118 guber—

324 3150 626 3225 narentur,
674 3147 958 3206 ultimum
1000 3164 1234 3222 semper
1275 3145 1593 3222 sequendO,
1641 3147 1715 3204 ut
1754 3144 1880 3203 fere
1915 3144 2058 3204 boni
2090 3147 2358 3205 cantores
2387 3163 2619 3204 servare
2649 3145 2858 3204 solent.

326 3251 477 3312 Nam
512 3257 582 3310 ut
614 3269 677 3310 re
705 3251 795 3309 mi
835 3268 971 3310 raro
1016 3251 1114 3310 vel
1158 3269 1487 3326 numquam
1533 3248 1878 3325 efferuntur,
1927 3248 2066 3324 quia
2097 3266 2198 3308 eos
2225 3252 2440 3309 natura
2478 3249 2609 3326 ipsa
2636 3249 2858 3308 deceat.
2902 3246 2907 3253 '

324 3357 526 3433 Atque
570 3356 657 3414 ita
699 3358 888 3414 artem
929 3354 1261 3414 breviorem
1306 3354 1681 3413 constituunt
1719 3347 1812 3432 (ut
1841 3348 2049 3431 decet),
2097 3369 2236 3411 cum
2271 3353 2533 3413 iuniores
2570 3352 2861 3413 brevitate

327 3460 639 3538 gaudeant.
693 3504 706 3517 .
756 3505 768 3518 .
820 3505 833 3516 .

494 3566 579 3623 At
621 3566 693 3622 tu
729 3557 1085 3639 prudentius
1114 3563 1349 3640 egisses»,
1396 3560 1514 3620 nisi
1543 3558 1889 3637 oppositum
1916 3559 2172 3619 fecisses.
2249 3559 2367 3620 Pro
2398 3561 2594 3620 tribus
2621 3561 2719 3620 vel
2748 3580 2858 3637 pro

324 3687 423 3728 sex
467 3685 769 3728 summum
812 3670 948 3726 octo
979 3684 1200 3742 ponere
1247 3664 1494 3742 conariS,
1539 3662 1902 3723 intendendo
1933 3662 2216 3724 videlicet
2247 3663 2392 3740 psal
2435 3663 2480 3722 li
2525 3670 2620 3723 tur
2651 3682 2763 3740 per
2791 3683 2860 3723 vo

327 3791 417 3831 ces
444 3771 503 3830 is
533 3776 641 3850 tae,
673 3769 1031 3830 remittendo
1061 3789 1203 3830 vero
1236 3775 1326 3828 tas
1354 3768 1412 3826 is
1440 3787 1531 3827 ces
1557 3786 1629 3826 vo
1648 3786 1759 3844 per
1790 3773 1886 3826 tur
1915 3767 1961 3825 li
1977 3767 2134 3844 psal,
2184 3787 2441 3843 quorum
2470 3769 2864 3828 terminorum

327 3876 497 3935 fuisti
540 3877 766 3934 auctor.
837 3873 971 3933 Non
1000 3874 1163 3933 vides
1192 3872 1255 3931 in
1284 3872 1377 3931 his
1407 3871 1720 3956 maximam
1748 3871 2277 3949 perturbationem,
2314 3890 2451 3931 cum
2483 3873 2862 3934 semitonium

326 3997 483 4038 nunc
512 3997 602 4042 ces
628 3997 699 4037 vo
731 3973 813 4056 (1),
859 3996 1016 4037 nunc
1048 3982 1143 4035 tur
1169 3975 1244 4051 ic,
1289 3995 1448 4035 nunc
1476 3975 1533 4033 is
1565 3979 1670 4052 tae,
1720 3993 1859 4034 cum
1886 3975 1948 4035 in
1978 3993 2009 4033 c
2036 3975 2399 4052 principium
2430 3971 2854 4036 constitueris?

329 4081 486 4153 Quid
528 4085 729 4140 autem
772 4080 835 4139 in
878 4080 971 4140 his
1014 4078 1481 4157 pulchritudinis
1522 4079 1711 4138 inesse
1756 4074 2006 4138 vidisti?
2098 4078 2329 4140 Rursus
2375 4058 2410 4132 i'
2440 4079 2698 4140 rotunda
2731 4082 2793 4139 et
2827 4065 2861 4153 ἡ

330 4185 638 4264 quadrata:
701 4203 877 4244 voces
922 4184 1162 4243 omnino
1208 4183 1468 4243 diversas
1527 4183 1882 4259 simpliciter
1939 4182 2049 4241 sub
2104 4202 2224 4242 uno
2278 4183 2515 4242 nomine
2572 4183 2860 4260 appellari

501 4355 520 4390 1
552 4351 745 4406 Voran
790 4351 932 4421 geht
978 4351 1108 4405 eine
1156 4349 1523 4420 Aufzahlung
1570 4350 1905 4405 berflhmter
1947 4349 2215 4418 Manner,
2265 4349 2484 4404 welche
2520 4349 2731 4405 Italien
2777 4350 2858 4404 im

325 4436 616 4492 Altertum
651 4436 1035 4492 aufznweisen
1072 4436 1199 4503 hat;
1250 4436 1334 4492 als
1374 4436 1536 4491 einer
1572 4435 1671 4491 der
1705 4435 1925 4491 letzten
1960 4435 2107 4490 wird
2145 4435 2359 4490 Silius
2398 4438 2672 4505 genannt.
2755 4436 2860 4491 Bei

327 4524 544 4579 diesem
568 4523 789 4578 Namen
824 4524 970 4578 hakt
1006 4524 1299 4594 Spataro
1335 4527 1397 4577 in
1426 4521 1616 4578 seiner
1637 4521 2033 4592 Entgegnung
2056 4538 2188 4576 vom
2211 4521 2383 4576 Jahre
2411 4522 2544 4575 1491
2573 4521 2682 4576 6111.
2743 4523 2856 4578 Des

326 4609 499 4664 Silius
546 4609 991 4665 mutmasslicher
1027 4609 1371 4665 Geburtsort
1414 4609 1493 4664 ist
1540 4608 1794 4663 n‘amlich
1844 4608 1937 4664 die
1985 4608 2154 4664 Stadt
2198 4608 2430 4676 Italica,
2485 4607 2704 4663 welche
2750 4626 2861 4662 nur

326 4699 475 4752 etwa
514 4697 577 4750 »2
602 4696 981 4766 Tagereisen«
1020 4714 1135 4752 von
1167 4697 1366 4765 Baeza,
1405 4696 1505 4750 der
1543 4695 1973 4751 Geburtsstatte
2014 4697 2114 4751 des
2149 4695 2362 4762 Ramis,
2401 4695 2657 4750 entfernt
2692 4695 2856 4766 liegt.
