3592 5509
1410 365 1665 431 ..31
1748 387 1843 415 --

357 542 472 624 mi,
517 542 612 626 fa,
658 542 767 623 sol,
814 543 896 624 la,
944 564 983 605 a
1029 563 1155 625 quo
1200 561 1404 626 usque
1449 562 1492 604 a
1520 541 1813 606 la—mi-re
1856 539 2208 605 secundum
2250 538 2321 604 in
2351 539 2649 605 omnibus
2696 539 2899 625 signis

360 649 478 730 vel·
522 648 683 715 locis
738 670 852 714 sex
903 650 1062 716 istas
1119 670 1310 714 voces
1364 649 1780 733 reperiemus.
1883 648 2043 714 Post
2094 669 2137 712 a
2187 649 2475 712 la-mi-re
2527 647 2899 729 resolvitur3

364 779 518 846 nam
569 757 638 822 id
684 757 856 842 quod
898 757 1079 841 prius
1121 757 1383 841 incepit,
1440 756 1618 840 prius
1675 755 1928 821 desinit.
2021 755 2108 822 Et
2160 756 2257 821 ita
2307 757 2377 822 in
2410 756 2703 831 ‘secundo
2750 760 2782 832 b
2824 757 2902 841 fa

363 861 398 947 ξ
429 866 530 929 mi
575 869 762 930 erunt
799 887 888 949 re,
933 867 1048 948 mi,
1093 866 1187 950 fa,
1234 867 1344 947 sol,
1391 867 1472 948 la,
1519 865 1588 930 in
1632 885 1666 929 c
1708 865 1907 949 sol-fa
1948 864 2062 946 mi,
2106 865 2201 949 fa,
2248 866 2356 947 sol,
2403 867 2485 948 la,
2530 865 2602 929 in
2645 866 2690 928 d
2716 865 2901 928 la-'sol

363 975 457 1059 fa,
505 975 613 1057 sol,
661 969 726 1039 la
771 977 837 1039 et
879 973 950 1038 in
993 975 1090 1038 ela
1129 975 1239 1056 sol,
1286 975 1367 1056 la,
1414 978 1564 1056 post
1610 994 1804 1058 quam
1848 976 2099 1056 ponunt
2143 972 2338 1037 aliam
2382 993 2607 1038 vocem
2653 972 2902 1037 scilicet

365 1081 445 1163 kt,
497 1103 661 1166 quae
709 1080 907 1146 distat
949 1101 1067 1165 per
1095 1085 1320 1146 tonum
1367 1081 1449 1146 ab
1478 1081 1622 1163 ista,
1674 1079 1980 1164 quoniam
2008 1080 2333 1163 dependet
2376 1080 2459 1145 ab
2489 1079 2721 1144 ultima
2750 1101 2904 1145 con-

368 1188 750 1277 iunctarum.
841 1189 928 1254 Et
963 1189 1066 1276 „sic
1097 1191 1285 1253 erunt
1311 1189 1440 1254 loci
1471 1186 1704 1275 viginti
1735 1188 1881 1266 duo,
1927 1187 2205 1271 ideoque
2235 1191 2385 1271 post
2414 1187 2903 1253 coniunctamm

373 1295 770 1362 additionem
799 1318 1029 1361 manus
1058 1296 1349 1381 perfecta
1381 1296 1631 1378 dicitur,
1683 1295 1990 1380 quoniam
2018 1298 2159 1360 tota
2195 1315 2314 1379 per
2343 1294 2688 1361 semitonia
2731 1300 2905 1360 recte

373 1403 579 1478 divisa
635 1410 750 1469 est.
841 1403 977 1489 Ipsi
1035 1408 1251 1469 autem
1298 1404 1519 1469 dicunt
1560 1404 1935 1488 perfectam,
2002 1405 2306 1488 quoniam
2350 1404 2548 1468 trium
2595 1403 2904 1490 diapason

369 1515 468 1576 est
533 1511 950 1577 continentia.
1070 1513 1148 1576 In
1214 1511 1498 1577 ternario
1562 1513 1735 1576 enim
1809 1501 2114 1578 maxima
2154 1510 2470 1595 perfectio
2540 1512 2899 1591 denotatur,

369 1620 672 1703 quoniam
717 1624 930 1685 totum
976 1620 1244 1704 aequale
1302 1624 1400 1684 est
1458 1621 1592 1684 suis
1635 1621 1930 1704 partibus
1977 1618 2190 1704 quotis
2251 1623 2317 1684 et
2361 1619 2667 1704 aliquotis
2714 1619 2906 1685 simul

371 1729 644 1811 sumptis
698 1750 817 1793 nec
871 1726 1104 1812 aliquis
1161 1727 1325 1792 alius
1370 1749 1674 1793 numerus
1737 1726 1905 1792 hanc
1960 1727 2086 1793 sibi
2144 1728 2530 1815 dignitatem
2584 1727 2901 1793 vendicat.

373 1834 504 1900 Sed
552 1858 629 1900 ex
672 1840 856 1919 parte
902 1836 1068 1901 bene
1115 1837 1354 1914 dicunt,
1409 1837 1477 1900 in
1522 1835 1646 1901 hoc
1692 1836 1958 1920 scilicet,
2021 1836 2194 1920 quod
2236 1835 2556 1901 ternarius
2600 1858 2905 1900 numerus

371 1942 699 2027 perfectus
756 1947 870 2008 est.
965 1943 1201 2008 Verum
1254 1943 1325 2008 in
1377 1942 1502 2009 hoc
1557 1947 1791 2026 errant,
1851 1944 2004 2028 quia
2058 1965 2287 2008 manus
2340 1944 2540 2008 trium
2595 1943 2906 2028 diapason

365 2073 498 2116 non
545 2054 663 2134 est,
710 2056 784 2116 ut
825 2050 1021 2135 paulo
1065 2055 1216 2135 post
1261 2052 1690 2116 ostendemus.

541 2159 640 2224 Ex
693 2158 796 2224 his
853 2163 1089 2243 autem,
1147 2181 1312 2244 quae
1373 2159 1544 2225 dicta
1599 2164 1764 2242 sunt,
1816 2160 2101 2226 lectores
2159 2160 2526 2245 excogitare
2579 2164 2903 2243 poterunt,

377 2267 698 2351 quomodo
747 2289 826 2332 ex
857 2266 1238 2332 Guidonis
1285 2268 1576 2334 doctrina
1621 2267 1916 2333 confusio
1963 2268 2229 2333 suborta
2277 2280 2423 2347 (pag.
2453 2278 2543 2342 25)
2578 2271 2691 2332 est.
2756 2266 2906 2351 Ipse

379 2375 550 2448 enim
595 2373 1047 2457 consideravit,
1098 2377 1265 2460 quod
1313 2397 1584 2462 semper,
1641 2375 2029 2461 ubicumque
2075 2374 2489 2442 semitonium
2536 2379 2708 2440 esset
2759 2397 2910 2459 pro-

367 2482 820 2565 nuntiandum,
854 2484 953 2547 mi
982 2487 1047 2547 et
1074 2485 1151 2568 fa
1181 2487 1477 2549 cantores
1506 2483 1797 2568 proferre
1832 2483 2161 2549 deberent
2230 2483 2505 2567 Propter
2533 2482 2656 2548 hoc
2691 2487 2909 2548 autem

375 2590 662 2664 crebrius
707 2589 1119 2656 hexachorda
1162 2592 1230 2655 in
1273 2591 1702 2657 tetrachordis
1748 2595 1884 2655 tam
1930 2591 2291 2657 coniunctis
2336 2613 2530 2675 quam
2576 2591 2911 2655 disiunctis

371 2699 630 2782 locavit,
684 2705 950 2783 propter
995 2699 1166 2784 quod
1209 2700 1396 2764 binas
1441 2721 1632 2765 voces
1683 2703 1748 2764 et
1790 2704 2009 2764 ternas
2052 2699 2119 2763 in
2166 2721 2295 2764 uno
2344 2699 2698 2783 eodemque
2742 2698 2905 2781 loce,

374 2811 448 2871 ut
491 2829 685 2891 supra
728 2811 1156 2872 monstratum
1206 2811 1322 2890 est,
1372 2807 1451 2871 de
1495 2808 1885 2872 necessitate
1932 2806 2292 2873 collocavit.
2382 2807 2521 2870 Nos
2568 2811 2784 2872 autem
2832 2806 2909 2871 de

372 2915 761 2979 necessitate
823 2915 1083 2980 easdem
1141 2937 1254 2979 sex
1311 2915 1381 2979 in
1435 2915 1595 2980 locis
1651 2913 1999 2998 praedictis
2059 2914 2361 3000 componi
2421 2914 2625 2998 ipsius
2684 2913 2910 2980 habito

373 3021 798 3088 fundamento
843 3022 1299 3088 mathematice
1360 3022 1957 3088 demonstravimus
2050 3021 2182 3087 Sed
2239 3022 2316 3087 de
2374 3043 2606 3088 vocum
2657 3022 2725 3087 in
2781 3045 2909 3087 uno

379 3129 526 3195 loco
587 3130 963 3196 confusione
1041 3130 1118 3195 de
1189 3130 1569 3196 Guidonis
1647 3134 1784 3195 arte
1861 3130 2284 3214 proveniente
2353 3129 2511 3194 satis
2576 3129 2907 3195 hactenus.

374 3237 699 3323 Deinceps
746 3242 963 3303 autem
1009 3259 1175 3324 quae
1217 3239 1504 3322 ipsarum
1548 3238 1975 3322 proferendae
2021 3238 2169 3316 sint,
2227 3259 2390 3322 quae
2435 3259 2588 3302 vero
2633 3238 2912 3302 reticen-

378 3346 514 3429 dae,
565 3346 737 3430 quod
784 3346 920 3432 eius
953 3366 1263 3430 sequaces
1293 3345 1685 3412 mutationes
1733 3345 2083 3430 appellant,
2134 3345 2435 3412 subtilius
2469 3345 2906 3410 discutiamus.

1158 3649 1648 3731 capitulum
1703 3652 2133 3731 quartum.

1109 3819 1226 3890 De
1281 3844 1548 3892 vocum
1603 3819 2173 3912 permutatione.

385 3980 855 4117 SUPEREST
875 3981 1063 4047 nobis
1088 3987 1270 4047 tanta
1292 4003 1523 4047 vocum
1547 3982 1809 4068 cognita
1831 3982 2207 4063 variatione,
2243 3982 2325 4046 ad
2348 3981 2501 4066 quid
2522 3982 2592 4046 in
2622 4003 2750 4050 uno
2772 3982 2917 4048 loco

487 4089 618 4153 sint
662 4088 1035 4168 collocatae,
1095 4089 1422 4156 subtiliter
1479 4088 1813 4172 disserere,
1871 4094 2088 4154 utrum
2143 4089 2391 4154 scilicet
2445 4110 2668 4153 omnes
2722 4087 2916 4152 simul

379 4197 798 4279 pronuntiare
847 4201 958 4265 aut
1000 4219 1197 4262 unam
1251 4198 1380 4262 alia
1430 4199 1501 4262 in
1556 4198 1782 4264 eodem
1835 4197 1981 4263 loco
2029 4197 2293 4261 dimissa
2347 4196 2695 4261 debeamus
2751 4197 2918 4260 acci-

380 4326 551 4388 pere.
656 4303 842 4370 Circa
896 4305 1068 4390 quod
1125 4305 1590 4394 advertendum
1651 4310 1749 4370 est
1804 4309 1937 4370 tres
1993 4304 2253 4369 illarum
2309 4304 2729 4370 ascendentes
2790 4304 2916 4370 dici

381 4411 630 4477 scilicet
672 4419 764 4496 ut,
811 4435 895 4496 re,
943 4414 1055 4495 mi,
1105 4417 1238 4478 tres
1269 4435 1422 4479 vero
1459 4413 1923 4478 descendentes
1970 4413 2219 4478 scilicet
2260 4413 2355 4497 fa,
2401 4414 2511 4495 sol,
2557 4415 2636 4477 la.
2728 4411 2915 4477 Unde

387 4517 770 4585 Gnidonis
822 4541 1130 4604 sequaces
1178 4520 1422 4586 dicunt:
1482 4527 1575 4604 ut,
1621 4543 1706 4598 re,
1753 4523 1854 4585 mi
1896 4520 2229 4604 scandunt,
2275 4522 2369 4605 fa,
2415 4522 2525 4604 sol,
2572 4522 2760 4605 laque
2809 4520 2920 4584 de·

381 4628 714 4693 scendunt.
785 4628 890 4719 ‘Et
935 4649 1080 4693 cum
1127 4633 1352 4694 cantus
1397 4629 1465 4693 in
1513 4630 1715 4694 altum
1761 4628 2070 4713 ascendit,
2117 4651 2235 4714 pro
2284 4629 2714 4694 descendente
2760 4649 2918 4694 voce
