3592 5509
1380 379 1813 444 „75-

346 560 398 619 Γ
394 561 475 620 ut
513 555 584 619 in
626 555 854 638 primo,
902 553 997 617 ita
1034 575 1068 617 c
1095 553 1281 636 fa-ut
1317 553 1387 617 in
1420 556 1621 617 sexto.
1698 554 1784 618 Et
1829 553 1920 618 sic
1967 555 2044 618 de
2091 554 2236 618 aliis
2280 553 2440 619 locis
2473 554 2873 619 diatessaron

334 662 740 744 distantibus,
794 665 857 726 et
902 661 1068 726 sicut
1110 661 1155 745 f
1174 661 1360 744 fa-ut
1416 646 1451 718 ΐ)
1482 662 1559 745 Γα
1601 665 1690 746 ut,
1738 661 1847 744 mi,
1895 661 1981 744 fa,
2028 661 2110 725 la.
2182 661 2312 727 Sed
2355 655 2388 742 ξ
2426 663 2524 726 mi
2563 661 2870 745 perfectis

333 770 598 836 carebit.

509 877 698 955 Quod
742 878 799 942 si
845 876 1189 962 septimum
1242 899 1503 962 gamma
1544 876 1677 942 iam
1721 876 2044 961 complere
2094 877 2443 959 desideras,
2495 881 2789 961 quartam
2836 899 2873 939 a

333 990 518 1051 sexto
574 986 901 1068 intendas,
964 1008 1127 1069 quae
1183 983 1357 1050 inter
1411 1007 1443 1048 e
1473 986 1664 1048 la-mi
1698 1006 1779 1070 ,ac
1824 986 1869 1048 d
1893 986 2083 1050 sol-re
2139 985 2343 1070 cadet.
2437 984 2640 1070 Signa
2696 1006 2866 1070 erg0,

334 1117 499 1179 quae
564 1094 965 1159 diatessaron
1030 1094 1111 1158 ab
1177 1093 1305 1158 isto
1373 1091 1607 1158 altiora
1674 1092 2017 1176 distarent,
2088 1092 2310 1157 taliter
2371 1115 2439 1157 se
2512 1092 2867 1158 habebunt:

336 1225 512 1290 erg0,
562 1202 728 1268 sicut
775 1205 915 1284 (pag.
952 1205 1037 1284 61)
1084 1222 1119 1266 c
1147 1201 1333 1284 fa-ut
1370 1201 1444 1264 in
1489 1205 1691 1282 sexto,
1737 1200 1832 1264 ita
1874 1200 1919 1284 f
1937 1200 2122 1284 fa-ut
2159 1200 2227 1264 in
2273 1200 2548 1283 septimo
2597 1205 2662 1264 et
2707 1200 2873 1264 sicut

334 1315 585 1375 sextum
631 1311 701 1374 in
743 1309 788 1393 f
804 1309 1001 1393 fa-ut,
1048 1309 1143 1372 ita
1172 1309 1521 1391 septimum
1565 1307 1633 1372 in
1680 1301 1711 1371 b
1744 1309 1838 1392 fa,
1888 1307 2039 1393 quia
2068 1308 2410 1393 utrobique
2447 1312 2537 1382 ut,
2585 1308 2694 1391 mi,
2743 1308 2868 1388 sol;

334 1419 449 1482 sed
492 1408 525 1495 h}
559 1419 658 1482 mi
701 1438 919 1481 cassus
963 1415 1268 1499 perfectis
1312 1415 1404 1480 mi
1450 1415 1655 1480 solam
1698 1415 1966 1481 tenebit.

507 1525 615 1590 Sic
678 1525 850 1590 enim
907 1523 1217 1609 inspectis
1276 1523 1679 1589 documentis
1742 1524 1987 1606 poteris
2059 1523 2276 1588 omnia
2337 1529 2666 1609 gammata
2731 1522 2869 1587 sine

334 1633 561 1698 labore
607 1633 947 1716 complere.
1039 1631 1177 1697 Nec
1222 1633 1447 1697 credas
1491 1631 1616 1697 hoc
1660 1631 1979 1715 superflue
2023 1631 2326 1715 positum,
2387 1629 2443 1694 si
2487 1631 2871 1695 documenta

336 1739 714 1806 Guidonis
759 1738 1124 1804 necessaria
1152 1739 1342 1822 ponis
1373 1743 1463 1820 tu,
1514 1739 1623 1823 qui
1654 1738 1942 1822 sequeris
1980 1738 2210 1822 ipsum.
2287 1737 2455 1802 Nam
2489 1741 2554 1802 et
2584 1738 2870 1803 crebrius

333 1848 603 1912 veniunt
648 1847 992 1913 semitonia
1049 1847 1505 1912 subintellecta
1562 1868 1755 1930 quam
1799 1845 2020 1928 realia,
2079 1845 2310 1930 quibus
2365 1845 2719 1910 cavendum
2775 1850 2873 1909 est

334 1979 374 2020 a
418 1955 743 2040 perfectis,
791 1955 919 2020 nisi
961 1977 1078 2040 per
1120 1955 1280 2019 istas
1329 1954 1705 2019 coniunctas
1737 1953 2176 2037 suppleantur.
2254 1951 2441 2017 Unde
2487 1953 2654 2017 bene
2700 1974 2872 2017 com—

334 2066 654 2150 ponentes
713 2063 963 2128 videbis
1027 2062 1401 2128 immediate
1472 2062 1749 2148 signare.
1854 2061 1984 2127 Sed
2045 2062 2213 2126 bene
2271 2061 2531 2145 quidem
2588 2083 2626 2124 a
2689 2064 2871 2144 parte

338 2171 656 2255 superiori
685 2170 906 2254 perfici
936 2174 1267 2256 gammata
1309 2174 1584 2254 possunt
1626 2169 1820 2235 modo
1850 2169 2200 2252 praedicto.
2279 2168 2476 2233 Dices
2521 2189 2743 2232 verum
2790 2168 2872 2232 ab

332 2278 645 2362 inferiori,
697 2278 973 2362 qualiter
1018 2278 1102 2342 sit
1146 2277 1269 2342 tibi
1314 2277 1767 2343 documentum
1814 2275 2134 2362 generale.
2213 2275 2401 2340 Unde
2449 2276 2724 2358 aspicias
2754 2297 2870 2358 pro

336 2407 725 2470 unoquoque
769 2386 915 2451 loco
960 2384 1291 2470 implendo
1342 2386 1479 2451 eius
1526 2389 1826 2451 octavum
1873 2389 1938 2450 et
1981 2383 2207 2449 habita
2249 2383 2638 2449 formatione
2686 2404 2874 2467 prae-

337 2494 508 2558 dicta
536 2493 739 2559 habes
782 2493 1122 2558 intentum.
1206 2492 1395 2570 Quod
1437 2493 1493 2557 si
1524 2493 1850 2578 simplices
1895 2492 2153 2570 fuerint,
2203 2491 2506 2556 videlicet
2539 2492 2868 2571 unisonus,

334 2601 548 2686 tertia,
597 2599 892 2686 [quarta,]
925 2600 1167 2686 quinta,
1218 2605 1417 2680 sexta,
1468 2605 1714 2684 octava,
1762 2601 2070 2666 rendent1
2116 2600 2241 2666 hoc
2270 2601 2490 2665 modo:
2538 2622 2655 2683 pro
2689 2605 2872 2664 sexta

335 2709 595 2774 tertiam
611 2713 653 2790 2,
722 2731 841 2792 pro
900 2713 1128 2774 octava
1173 2709 1565 2773 unisonum3
1608 2709 1874 2773 realiter
1918 2730 2173 2791 semper
2224 2707 2524 2792 habebis,
2596 2709 2710 2772 sed
2753 2731 2870 2792 pro

336 2822 565 2902 quarta
605 2818 937 2901 quintam⁴
986 2822 1051 2881 et
1096 2839 1131 2881 e
1178 2821 1420 2881 contra.
1499 2815 1685 2881 Unde
1733 2816 2206 2880 animadvertas
2253 2818 2528 2900 oportet,
2581 2816 2768 2900 quod,
2817 2817 2872 2880 si

331 2926 403 2989 in
449 2925 636 3010 signo
694 2925 1052 3008 composito
1110 2923 1313 2989 habes
1367 2924 1451 3007 fa,
1517 2925 1808 3008 quintam
1863 2923 1932 2987 in
1993 2925 2436 3007 componendo
2493 2929 2870 3008 sequentem

332 3054 557 3097 vocem
603 3032 881 3116 accipias
927 3033 1175 3097 scilicet
1220 3032 1333 3113 sol,
1398 3033 1702 3116 quoniam
1753 3031 1917 3095 illud
1970 3031 2038 3095 fa
2094 3035 2322 3115 quarta
2369 3053 2491 3096 vox
2555 3036 2670 3095 est.
2763 3030 2870 3095 Sic

335 3143 401 3204 et
446 3142 525 3205 de
564 3140 709 3205 aliis
739 3140 1007 3205 vocibus
1035 3139 1424 3222 faciendum,
1473 3143 1546 3202 ut
1574 3139 1643 3202 in
1674 3143 1998 3224 gammate
2033 3139 2313 3202 secundo
2345 3159 2378 3202 e
2405 3138 2590 3221 fa-ut
2626 3137 2872 3202 carenti

334 3252 595 3332 aspecto
642 3269 676 3312 c
703 3248 1007 3331 sol—fa-ut
1048 3251 1121 3311 ut
1171 3248 1262 3311 mi
1306 3246 1376 3310 fa
1418 3245 1483 3310 la
1538 3251 1883 3328 perornato
1939 3244 2324 3310 habebimus
2369 3267 2402 3308 c
2429 3245 2616 3328 fa—ut
2653 3249 2726 3308 ut
2780 3245 2871 3309 n1i

332 3356 431 3420 sol
475 3355 542 3420 la
589 3355 1030 3439 adimpletum.
1119 3354 1250 3419 Sed
1294 3355 1461 3418 scias
1508 3358 1765 3437 oportet
1809 3357 1899 3434 ut,
1960 3374 2106 3416 cum
2149 3373 2266 3435 pro
2312 3352 2404 3416 mi
2449 3351 2516 3416 fa
2563 3357 2660 3417 est
2705 3353 2870 3417 acci-

332 3464 590 3547 pienda,
636 3463 788 3546 poni
822 3484 953 3527 non
986 3463 1251 3542 debere;
1300 3462 1414 3525 sed
1458 3461 1570 3525 ille
1616 3461 1796 3525 locus
1845 3461 2069 3544 quinta
2114 3460 2378 3543 carebit,
2426 3464 2499 3524 ut
2541 3459 2609 3524 in
2644 3461 2871 3526 eodem

332 3592 592 3656 gamma
645 3571 811 3650 ami
860 3592 930 3634 re
986 3569 1077 3632 mi
1138 3569 1235 3633 sol
1297 3567 1723 3652 compositum
1783 3573 1898 3632 est.
2002 3568 2132 3633 Sed
2188 3568 2224 3630 b
2261 3569 2359 3630 mi
2413 3566 2584 3632 solas
2641 3590 2712 3632 re
2771 3569 2872 3634 sol

334 3677 674 3754 obtinebit,
726 3678 1030 3762 quoniam
1074 3676 1160 3760 fa,
1220 3698 1383 3760 quae
1429 3677 1573 3741 loco
1619 3677 1711 3740 mi
1758 3680 1896 3740 erat
1941 3675 2330 3759 accipienda,
2393 3675 2694 3760 diapente
2739 3699 2870 3742 non

334 3789 449 3849 est.
538 3783 669 3849 Sed
713 3806 755 3847 a
783 3785 1069 3848 la-mi-re
1114 3790 1187 3848 ut
1230 3806 1299 3848 re
1344 3784 1413 3848 fa
1456 3785 1539 3866 la,
1588 3806 1630 3848 a
1657 3805 1726 3849 re
1769 3806 1924 3849 vero
1971 3787 2042 3848 ut
2086 3784 2176 3847 mi
2221 3784 2288 3848 fa
2331 3784 2422 3863 la3
2486 3786 2578 3848 sic
2625 3789 2691 3849 et
2741 3791 2800 3850 Γ
2797 3791 2876 3848 ut

223 3928 227 3932 -
335 3915 404 3957 re
449 3892 539 3956 mi
586 3893 702 3975 sol,
753 3892 903 3976 quia
942 3915 984 3976 ς]
1012 3894 1316 3956 some-ut
1356 3897 1429 3956 ut
1471 3893 1561 3956 mi
1608 3891 1707 3957 sol
1754 3892 2047 3956 obtinere
2093 3891 2303 3955 visum
2350 3896 2464 3956 est.
2559 3891 2667 3957 Sic
2715 3915 2869 3977 ergo

332 3999 537 4065 habes
578 4000 972 4084 completum
1001 4021 1263 4086 gamma
1308 4001 1677 4064 secundum.
1760 3999 1942 4064 Sicut
1989 3999 2158 4063 enim
2204 4000 2379 4064 istud
2406 4021 2666 4084 gamma
2697 4021 2868 4064 com·

330 4108 579 4191 pletum
614 4111 728 4188 est,
774 4107 868 4171 ita
916 4111 981 4171 et
1026 4107 1155 4171 alia
1186 4108 1569 4191 complenda
1612 4107 1731 4172 tibi
1763 4105 2077 4191 relinquo.
2156 4107 2324 4171 Item
2365 4108 2718 4171 notandum
2751 4112 2867 4190 est,

334 4216 530 4298 quod,
600 4215 1139 4299 quemadmodum
1192 4215 1373 4280 locus
1443 4215 1922 4299 componendus
1977 4219 2153 4278 caret
2208 4215 2539 4297 diapente,
2599 4235 2744 4278 cum
2803 4215 2870 4278 fa

331 4345 450 4406 pro
497 4322 587 4386 mi
635 4327 731 4387 est
778 4327 1173 4406 accepturuS,
1222 4323 1317 4388 ita
1364 4345 1512 4387 cum
1544 4321 1937 4406 compositus
1983 4342 2203 4385 cassus
2249 4321 2335 4385 sit
2363 4320 2671 4404 perfecta,
2720 4321 2869 4406 quia

332 4429 425 4493 mi
470 4431 951 4514 componendus
998 4431 1321 4496 obtinebit
1366 4435 1438 4494 ut
1482 4431 1551 4494 in
1594 4432 1921 4516 gammate
1968 4433 2196 4514 quarto
2211 4433 2254 4509 ⁵,
2303 4427 2550 4492 scilicet
2593 4429 2639 4492 d
2663 4431 2866 4513 sol-fre,

511 4667 527 4702 1
564 4664 906 4719 rendebunt.
1082 4666 1104 4702 ²
1139 4663 1330 4718 tertia.
1503 4665 1527 4703 3
1564 4663 1858 4718 unisonus.
2032 4663 2056 4699 ⁴
2091 4660 2310 4729 quinta.
2459 4663 2508 4734 *5
2544 4661 2764 4728 quinto.
