3592 5509
1828 423 2249 488 -68,-.

778 600 975 668 etiam
1021 596 1329 681 diapason
1378 602 1443 662 et
1503 602 1657 662 tunc
1718 609 1779 664 a'
1809 598 2004 662 tertia
2056 601 2274 680 potest
2323 597 2394 661 in
2450 602 2743 662 octavam
2800 597 3048 680 venire,
3107 603 3207 681 ut,
3267 597 3332 662 si

774 711 963 773 tenor
1011 707 1095 772 sit
1138 707 1183 791 f
1200 721 1261 789 e,
1306 701 1620 793 organum
1663 707 1707 770 h
1734 727 1833 788 m,
1889 706 1995 771 vel
2053 707 2342 770 sitenor
2379 727 2424 790 9
2451 706 2502 789 f,
2561 727 2874 793 organum
2912 728 2955 790 9
2983 708 3046 788 k,
3108 710 3222 771 aut
3267 705 3331 769 si

775 819 964 887 tenor
1016 809 1061 880 d
1086 816 1131 879 d
1156 835 1191 880 c
1220 817 1265 878 d
1291 816 1336 879 d
1363 837 1395 878 c
1422 817 1492 897 d,
1554 814 1955 900 organizatio
2011 814 2184 879 bona
2238 811 2400 878 haec
2457 817 2556 878 est
2610 814 2655 897 f
2671 834 2722 877 n
2749 834 2814 878 m
2846 815 2890 878 h
2917 815 2942 878 Ζ
2975 815 3014 877 k
3043 816 3066 878 Ζ
3131 817 3198 878 et
3253 814 3332 878 in

779 922 924 988 aliis
954 923 1159 1007 tropis
1192 923 1509 989 similiter.
1584 923 1703 987 Est
1731 929 1950 992 tamen
1979 924 2208 987 modus
2249 922 2668 1009 organizandi
2713 923 3013 1006 optimus,
3063 923 3328 1007 quando

777 1047 1093 1118 organum
1135 1031 1765 1096 imitatur-tenorem
1810 1031 1878 1094 in
1925 1053 2194 1096 ascensu
2239 1036 2350 1096 aut
2397 1032 2735 1111 descensu3
2792 1052 2923 1095 non
2977 1030 3046 1094 in
3091 1032 3329 1095 eodem

776 1143 1091 1225 tempore,
1146 1141 1261 1208 sed
1304 1144 1454 1224 post
1498 1162 1693 1204 unam
1736 1139 2030 1204 notulam
2076 1139 2181 1204 vel
2223 1138 2442 1224 plures
2486 1139 2716 1224 incipit
2758 1140 2828 1203 in
2883 1141 3109 1204 eadem
3158 1159 3328 1202 voce

781 1248 1055 1315 eundem
1100 1252 1361 1312 cantum
1406 1247 1619 1312 facere
1669 1250 1780 1312 aut
1825 1247 2098 1312 similem
2147 1247 2215 1312 in
2262 1248 2662 1312 diatessaron
2708 1247 2812 1312 vel
2863 1247 3160 1330 diapente
3211 1251 3330 1310 aut

781 1356 978 1421 etiam
1010 1355 1319 1439 diapason
1350 1355 1455 1420 vel
1484 1355 1553 1419 in
1584 1357 1717 1420 suis
1750 1356 2125 1438 compositis
2161 1377 2233 1420 ac
2280 1355 2736 1440 decompositis
2783 1356 2903 1420 sub
2951 1359 3061 1419 aut
3105 1376 3322 1438 supra.

781 1463 987 1540 Quem
1047 1463 1310 1529 modum
1365 1463 1634 1548 practici
1696 1463 1920 1549 fugam
1979 1463 2326 1547 appellant,
2384 1469 2731 1548 propterea
2789 1463 2961 1550 quod
3013 1485 3142 1527 una
3193 1485 3328 1526 vox

781 1570 978 1636 aliam
1010 1572 1299 1655 sequitur
1328 1571 1527 1636 simili
1558 1572 1687 1635 arsi
1719 1575 1832 1636 aut
1861 1571 2047 1652 thesi,
2098 1577 2189 1654 ut,
2237 1572 2292 1636 si
2323 1576 2511 1637 tenor
2557 1576 2774 1637 cantet
2815 1573 2839 1636 Ζ
2865 1593 2916 1636 n
2942 1592 3010 1634 m
3039 1573 3062 1635 Ζ
3087 1592 3138 1635 n
3163 1592 3235 1634 m
3263 1591 3326 1650 0,

782 1701 1099 1765 organum
1153 1683 1370 1763 potest
1431 1701 1579 1744 eum
1644 1681 1829 1763 sequi
1898 1679 1968 1743 in
2034 1679 2434 1744 diatessaron
2494 1679 2765 1744 inferius
2830 1683 2979 1763 post
3046 1679 3330 1762 primam

779 1787 1073 1852 notulam
1140 1792 1205 1851 et
1258 1787 1469 1852 dicere
1526 1789 1569 1852 h
1599 1789 1695 1882 kb,
1734 1789 1777 1852 Jz
1805 1789 1905 1884 kg
1941 1789 1978 1852 Ζ.
2073 1787 2180 1852 Sic
2236 1792 2302 1851 et
2354 1788 2422 1851 in
2484 1788 2786 1871 diapente
2845 1809 3038 1870 supra
3095 1787 3330 1850 eadem

780 1917 985 1979 pausa
1030 1899 1285 1960 servata
1333 1917 1646 1981 organum
1693 1896 1865 1960 dicet
1896 1915 1950 1980 p
1979 1915 2016 1958 r
2045 1916 2084 1978 q
2103 1917 2155 1980 p
2183 1917 2221 1959 r
2249 1916 2288 1978 q
2315 1917 2363 1959 s.
2446 1896 2628 1960 Idem
2675 1917 2928 1979 quoque
2974 1896 3051 1959 de
3101 1916 3329 1959 eorum

784 2002 1188 2087 composit'is,
1259 2005 1337 2067 de
1404 2003 1679 2067 unisono
1718 2061 1721 2064 .
1749 2007 1862 2066 aut
1927 2001 2255 2086 diapason.
2359 2002 2431 2068 Si
2491 2007 2678 2067 tenor
2744 2004 2790 2066 d
2816 2025 2847 2067 e
2874 2003 2918 2086 f
2931 2023 2974 2085 9
3003 2003 3048 2066 d
3074 2024 3107 2066 c
3133 2003 3177 2086 f
3195 2023 3229 2066 e
3258 2003 3322 2082 d,

792 2132 1105 2196 organum
1150 2115 1299 2195 post
1345 2111 1501 2174 duas
1530 2109 1790 2174 notulas
1835 2110 2008 2174 idem
2052 2112 2294 2195 poterit
2337 2113 2406 2175 in
2452 2116 2681 2176 octava
2733 2133 3057 2192 resonare,
3112 2111 3284 2194 quod
3307 2115 3328 2154 1

794 2221 934 2302 [est]
987 2221 1105 2282 lm
1134 2241 1184 2282 n
1212 2239 1248 2282 ο
1278 2221 1301 2283 Ζ
1328 2221 1367 2283 k
1394 2241 1443 2282 n
1473 2221 1607 2283 ml.
1701 2219 1884 2284 Idem
1927 2218 1996 2282 in
2041 2219 2314 2284 unisono
2377 2241 2452 2283 ac
2503 2219 2573 2283 in
2632 2220 2763 2284 suis
2825 2219 2945 2284 sub
3005 2222 3070 2283 et
3128 2240 3330 2302 supra

782 2328 1045 2391 octavis,
1124 2327 1253 2392 Sed
1283 2328 1352 2391 in
1382 2326 1483 2391 his
1526 2327 1838 2411 exemplis
1884 2327 2182 2410 ponimus
2227 2327 2376 2391 illas
2421 2326 2684 2391 ultimas
2728 2349 2918 2392 voces
2961 2326 3030 2390 in
3077 2348 3328 2411 organo

784 2438 1010 2498 tenore
1075 2456 1206 2500 non
1266 2434 1549 2500 habente
1619 2433 1860 2519 aliquid
1922 2456 2040 2518 pro
2112 2436 2229 2518 eiS,
2302 2439 2374 2499 ut
2436 2434 2788 2499 similitudo
2853 2433 3326 2515 ostenderetur,

783 2543 933 2625 quia
978 2541 1417 2625 supponimus,
1476 2543 1647 2626 quod
1691 2563 1902 2621 voceS,
1963 2564 2126 2626 quae
2174 2547 2526 2626 sequentur
2581 2542 2649 2606 in
2703 2545 2948 2623 tenore,
3007 2564 3139 2606 non
3193 2541 3328 2606 dis-

784 2650 1054 2714 cordent
1084 2673 1229 2714 cum
1260 2650 1409 2733 illis,
1446 2650 1613 2736 quia,
1651 2673 1797 2715 cum
1820 2650 1976 2736 fuga
1997 2639 2227 2734 incipit
2251 2650 2635 2732 discordare,
2670 2651 2738 2714 in
2765 2649 3182 2714 similitudine
3208 2648 3329 2714 fiat

786 2755 1162 2823 immediate
1196 2759 1671 2840 dissimilitudo,
1703 2759 1800 2822 ita
1829 2763 1902 2822 ut
1931 2781 2061 2823 non
2093 2758 2290 2822 faciat
2320 2763 2544 2824 contra
2581 2758 2840 2844 regulas
2871 2780 3062 2842 supra
3095 2759 3324 2822 dictas,

955 2866 1153 2931 Sexta
1185 2871 1401 2930 autem
1430 2867 1658 2952 regula
1703 2866 1795 2930 sic
1843 2866 2229 2930 declaratur:
2280 2863 2350 2930 Si
2399 2870 2626 2930 cantus
2669 2865 2885 2930 inten-
2917 2870 3056 2948 (pag.
3091 2870 3176 2948 56)
3213 2866 3329 2929 de-

779 2975 867 3049 rit
920 2995 1170 3056 vocem,
1246 2975 1571 3038 discantus
1629 2973 1921 3038 remittat
1975 2975 2054 3038 ad
2127 2975 2408 3058 speciem
2480 2978 2910 3058 opportunam
2973 2973 3330 3038 secundum

779 3082 1037 3167 regulas
1086 3083 1446 3166 assignatas
1494 3085 1559 3146 et
1602 3083 1659 3146 si
1703 3085 1892 3146 tenor
1950 3081 2381 3164 descenderit,
2442 3086 2941 3166 contrapunctus
2996 3082 3325 3146 ascendat.

779 3189 865 3262 Et
917 3187 1044 3254 hoc.
1100 3193 1223 3272 est,
1282 3190 1452 3275 quod
1505 3188 1956 3274 frequentius*
2013 3190 2082 3253 in
2137 3193 2602 3273 contrapuncto
2664 3195 2762 3255 est
2819 3189 3325 3268 observandum;

779 3319 931 3362 nam
979 3320 1056 3361 ex
1100 3295 1223 3362 hoc
1268 3297 1474 3362 fertur
1520 3299 1942 3380 assumpsisse
1988 3296 2392 3362 vocabulum.

1531 3594 2023 3681 capitulum
2079 3598 2573 3669 secundum.

784 3785 878 3856 In
934 3809 1083 3877 quo
1141 3809 1343 3857 error
1398 3787 1866 3878 quorundam
1919 3785 2492 3879 reprehenditur
2556 3794 2630 3857 et
2687 3786 2958 3857 veritas
3014 3787 3328 3857 demon-

1907 3932 2203 3996 stratur.

788 4073 1099 4208 OMNIA
1146 4077 1362 4139 autem
1392 4031 1725 4157 praedicta
1766 4073 2221 4160 intelliguntur
2264 4075 2418 4156 fere,
2470 4074 2726 4158 quando
2770 4077 2957 4150 tenor
2999 4075 3325 4160 gradatim

922 4180 1279 4247 intenditur
1320 4181 1428 4245 vel
1472 4181 1844 4246 remittitur.
1924 4181 2054 4246 Sed
2100 4182 2272 4266 quid,
2319 4181 2373 4246 si
2420 4203 2536 4265 per
2581 4181 2784 4245 saltus
2833 4185 2898 4246 et
2943 4181 3318 4246 anfractus?

783 4289 1165 4372 Dicendum,
1214 4289 1401 4375 quod,
1456 4289 1711 4372 quando
1747 4287 1966 4354 taliter
2009 4290 2268 4372 incedit,
2316 4293 2469 4354 tunc
2514 4289 2724 4375 magis
2771 4310 3082 4375 organum
3129 4282 3327 4355 debet

960 4540 978 4575 1
1015 4536 1167 4604 quia.

954 4623 985 4657 *
1022 4622 1145 4676 Hoc
1167 4640 1283 4678 non
1309 4638 1537 4691 semper
1561 4622 1905 4676 servandum
1932 4623 2034 4688 est,
2075 4622 2177 4676 sed
2209 4621 2350 4676 locis
2387 4624 2447 4676 et
2469 4621 2827 4692 temporibus
2853 4619 3120 4690 congruis
3146 4622 3325 4688 atque

784 4725 1012 4778 semper
1048 4709 1471 4780 disponendum
1508 4711 1598 4763 est
1632 4707 1775 4764 locis
1814 4707 2154 4763 necessariis
2194 4711 2317 4762 arte
2357 4711 2418 4762 et
2451 4711 2660 4762 natura
2697 4708 3058 4778 disponente.
