3592 5509
1803 422 2231 487 -66-

768 594 1146 677 permultae,
1194 593 1318 659 hoc
1352 599 1449 659 est
1486 599 1635 678 post
1667 597 1960 678 quintam
1992 600 2222 660 octava
2253 600 2364 660 aut
2383 651 2388 656 .
2408 601 2558 679 post
2603 602 2898 662 octavam
2931 599 3156 682 quinta
3188 598 3322 663 hoc

771 704 981 784 modo,
1030 703 1203 767 ut.si
1247 705 1437 767 tenor
1480 703 1525 766 d
1553 725 1585 766 e
1614 724 1646 766 c
1675 704 1735 787 d,
1786 725 2100 790 organum
2146 724 2299 768 vero
2345 705 2370 767 l
2404 726 2434 796 η
2465 705 2505 768 Ic
2533 706 2604 784 h;
2656 709 2721 769 et
2765 705 2859 769 sic
2901 704 2968 769 in
3015 705 3178 770 aliis.

943 811 1167 876 Tertia
1208 810 1437 897 regula
1483 811 1575 875 sic
1622 815 1721 875 est
1763 811 2220 898 intelligenda:
2279 811 2350 877 Si
2394 817 2583 878 tenor
2638 813 2926 878 ascendit
2967 834 3002 878 c
3029 815 3075 877 d
3100 836 3147 894 e,
3211 835 3320 877 or-

774 941 1013 1005 ganum
1057 919 1301 1003 poterit
1347 917 1574 983 eodem
1617 919 1811 984 modo
1866 920 2211 1002 ascendere
2257 942 2288 984 e
2315 920 2430 1004 sy.
2524 921 2706 985 Idem
2758 921 2827 985 in
2883 921 3194 986 descensu
3253 927 3323 985 et

774 1028 1001 1092 eodem
1044 1026 1237 1091 modo
1283 1048 1429 1091 cum
1475 1030 1656 1091 sexta
1700 1027 2003 1091 similiter
2043 1027 2112 1092 in
2156 1026 2304 1092 aliis
2346 1027 2525 1092 locis.
2605 1028 2756 1094 Non
2800 1032 3020 1094 tamen
3065 1051 3143 1093 ex
3188 1028 3320 1093 hoc

774 1134 1123 1199 arbitretur
1168 1134 1572 1220 organizans,
1620 1120 1888 1218 (pagJ54)
1935 1135 1990 1198 si
2033 1139 2223 1200 tenor
2267 1137 2522 1201 steterit
2564 1158 2681 1220 per
2726 1135 2883 1201 duas
2930 1141 3042 1201 aut
3093 1137 3319 1221 plures

773 1246 963 1306 notas
1007 1243 1077 1306 in
1125 1242 1366 1308 eodem.
1398 1263 1576 1324 son0,
1637 1241 1795 1305 duas
1845 1246 1955 1306 aut
2008 1242 2224 1325 plures
2284 1243 2353 1308 in
2408 1245 2635 1308 eodem
2692 1244 2836 1310 loco
2896 1245 3317 1329 imperfectas

772 1373 916 1415 cum
975 1370 1217 1434 organo
1273 1347 1456 1414 fieri¹
1513 1371 1722 1432 posse.
1815 1348 1902 1413 Et
1946 1349 2039 1414 sic
2086 1350 2447 1415 declaratur
2499 1351 2726 1438 regula
2780 1357 3026 1436 quarta,
3089 1375 3318 1437 quam-

770 1481 962 1542 quam
1006 1458 1180 1521 istud
1224 1478 1355 1521 non
1400 1455 1591 1520 nimis
1636 1456 2037 1540 prohibitum
2083 1463 2182 1522 est
2227 1481 2266 1522 a
2309 1459 2548 1542 multiS,
2596 1461 2980 1543 praesertim
3021 1462 3090 1525 in
3136 1484 3316 1526 com-

769 1567 1091 1649 positione
1137 1566 1335 1630 trium
1380 1568 1491 1629 aut
1537 1570 1815 1648 quatuor
1858 1587 2105 1648 vocum,
2156 1567 2460 1650 quoniam
2505 1567 2599 1632 ibi
2644 1568 2894 1632 licitum
2943 1573 3057 1633 est.

942 1677 1181 1755 Quinta
1228 1677 1320 1741 sic
1365 1676 1754 1742 declaratur:
1807 1677 1877 1742 Si
1929 1681 2119 1742 tenor
2164 1677 2495 1744 descendit
2537 1680 2582 1743 d
2609 1701 2670 1762 c,
2729 1702 2850 1745 nos
2906 1682 3314 1746 ascendimus

766 1790 799 1870 ξ
836 1789 910 1850 k..
987 1785 1214 1863 Quod2
1258 1785 1313 1849 si
1360 1784 1693 1849 descendit
1738 1785 1820 1849 ab
1866 1808 1898 1849 e
1938 1785 2009 1850 in
2052 1787 2097 1850 d
2137 1785 2245 1850 vel
2287 1786 2416 1851 alio
2463 1787 2659 1850 simili
2703 1787 2868 1870 loco,
2930 1810 3062 1853 non
3118 1789 3318 1854 debet

765 1893 980 1958 facere
1042 1915 1355 1980 organum
1409 1895 1447 1956 k
1488 1894 1531 1974 l,
1598 1893 1749 1976 quia
1807 1897 1988 1960 sexta
2045 1894 2272 1958 minor.
2386 1893 2574 1970 Quod
2627 1896 2682 1959 si
2739 1894 2954 1960 facere
3013 1894 3307 1976 velimuS,

770 2007 1027 2087 oportet
1069 2023 1188 2066 nos
1233 2002 1271 2065 k
1319 2000 1597 2083 elevare,
1656 2001 1711 2064 si
1776 2001 1857 2064 ab
1910 2000 2203 2065 inferiori
2263 2002 2667 2066 ascendimus
2721 2008 2924 2086 parte,
2989 2008 3100 2068 aut
3161 2005 3315 2068 sub-

769 2111 1029 2191 stinere,
1078 2110 1132 2172 si
1165 2131 1203 2172 a
1234 2107 1549 2191 superiori
1582 2108 2027 2172 descendimus
2071 2130 2244 2173 voce.
2325 2108 2512 2186 Quod
2557 2109 2613 2173 si
2661 2111 3064 2198 depingatur,
3117 2112 3314 2176 debet

768 2245 859 2309 sic
903 2243 1167 2328 figurari
1212 2217 1627 2338 ΞΞΞΞΞ,
1681 2265 1758 2306 ex
1791 2263 1918 2325 quo
1951 2241 2241 2326 sequitur
2274 2264 2473 2307 unum
2517 2243 2805 2309 notabile
2853 2245 3312 2309 documentum

769 2383 833 2444 et
880 2384 1002 2443 est:
1064 2378 1135 2443 Si
1181 2382 1407 2442 cantus
1454 2377 1801 2442 descendat
1844 2377 1889 2460 f
1907 2398 1938 2440 e
1968 2377 2037 2458 d,
2097 2399 2409 2462 organum
2463 2379 2503 2441 Ic
2531 2379 2622 2442 kl
2673 2377 2886 2443 facere
2946 2401 3078 2442 non
3132 2379 3308 2462 licet,

767 2486 1070 2572 quoniam
1128 2487 1419 2570 sequitur
1475 2506 1673 2548 unum
1734 2485 2006 2548 duorum
2060 2484 2684 2568 inconvenientium,
2742 2485 3046 2550 videlicet
3099 2493 3213 2552 aut
3273 2510 3312 2551 a

767 2599 950 2660 sexta
979 2595 1214 2658 minori
1244 2595 1313 2658 in
1346 2597 1639 2658 octavam
1672 2593 1942 2657 conduci
1975 2597 2086 2656 aut
2119 2593 2189 2656 in
2237 2593 2464 2658 eodem
2508 2592 2652 2658 loco
2697 2615 2888 2659 voces
2931 2594 3309 2678 inaequales

765 2702 1181 2788 pronuntiare
1198 2706 1239 2783 3,
1284 2701 1445 2765 loco
1493 2700 1671 2765 cuius
1720 2701 1906 2764 decet
1950 2701 2164 2764 facere
2210 2702 2234 2764 l
2259 2702 2345 2764 kl
2387 2705 2499 2765 aut
2542 2703 2585 2766 Jz
2614 2701 2654 2766 k
2683 2703 2730 2785 l,
2792 2703 3095 2787 quoniam
3154 2707 3310 2768 tunc

766 2812 836 2876 in
880 2811 1089 2894 primo
1137 2810 1329 2873 modo
1378 2809 1587 2873 solum
1634 2808 1966 2872 descendit
2009 2829 2125 2891 per
2179 2808 2594 2873 semitonium
2649 2809 3192 2893 subintellectum,
3241 2811 3310 2874 in

766 2919 1046 2984 secundo
1092 2938 1245 2981 vero
1305 2937 1422 3000 per
1480 2916 1771 2980 ditonum
1827 2915 2131 2997 ascendit,
2193 2920 2258 2980 et
2315 2917 2372 2980 si
2431 2916 2834 3002 depingatur,
2891 2917 3184 3002 signetur
3211 2923 3312 2982 ·ut

765 3048 976 3110 supra.
1077 3024 1263 3089 Unde
1320 3024 1783 3088 advertendum
1846 3027 1969 3105 est,
2033 3024 2202 3108 quod
2260 3024 2330 3088 in
2382 3025 2594 3107 prima
2647 3030 2830 3107 parte
2893 3024 3168 3088 diximus
3228 3025 3307 3088 de

764 3134 1107 3199 semitonio
1156 3131 1630 3213 subintellecto,
1681 3135 1745 3195 et
1790 3132 2344 3212 considerandum,
2406 3133 2661 3216 quando
2706 3137 2863 3204 nota
2910 3137 3009 3198 est
3039 3134 3308 3199 elevata

766 3264 803 3304 a
847 3239 1108 3325 proprio
1155 3239 1298 3303 loco
1342 3237 1448 3303 vel
1496 3239 1820 3322 depressa,
1883 3243 1947 3303 et
1995 3240 2347 3316 cavendum
2394 3263 2432 3304 a
2478 3241 2816 3324 speciebus
2868 3241 3191 3324 perfectiS,
3251 3243 3306 3305 si

766 3348 1125 3413 contrariae
1168 3348 1313 3430 sint,
1363 3351 1451 3428 ut,
1504 3347 1558 3410 si
1603 3351 1792 3410 tenor
1836 3347 1880 3410 d
1906 3347 2006 3430 sy
2049 3346 2288 3430 psallat
2335 3351 2400 3412 et
2443 3347 2610 3412 tales
2655 3349 3056 3414 conditiones
3101 3347 3307 3413 habu-

770 3457 909 3539 erit,
957 3477 1074 3540 per
1119 3476 1275 3538 quas
1323 3477 1359 3518 a
1403 3454 1548 3518 loco
1594 3453 1855 3538 proprio
1900 3454 1945 3537 f
1979 3455 2064 3518 sit
2109 3454 2376 3538 elevata,
2427 3477 2741 3540 organum
2784 3477 2916 3520 non
2959 3456 3306 3520 unisonum
3363 3443 3370 3450 ’

761 3586 971 3649 neque
1038 3562 1392 3646 perfectam
1459 3563 1741 3645 speciem
1807 3561 2047 3626 faciat4
2113 3583 2306 3645 super
2379 3564 2666 3626 eandem.
2790 3563 3036 3628 Eodem
3109 3565 3304 3628 modo

764 3671 1049 3756 psallens
1094 3676 1282 3735 tenor
1326 3672 1370 3735 d
1397 3692 1430 3734 c
1458 3671 1503 3734 d
1543 3670 1916 3734 immediate
1975 3691 2269 3734 reversus
2325 3691 2518 3754 supra
2571 3692 2604 3734 c
2658 3692 2789 3735 non
2846 3670 3104 3735 sonabit
3158 3693 3304 3754 per-

767 3779 966 3862 fecte,
1017 3800 1229 3860 secus,
1280 3778 1335 3842 si
1378 3784 1609 3861 pauset
1651 3779 1721 3841 in
1766 3799 1799 3841 c
1843 3781 1954 3841 aut
2001 3777 2478 3843 distinctionem
2522 3779 2765 3844 ibidem
2811 3778 3024 3843 faciat.
3118 3778 3304 3856 Quod

767 3892 983 3952 autem
1017 3891 1197 3950 sexta
1226 3886 1438 3950 minor
1484 3885 1815 3971 disiungat
1858 3887 1938 3950 ad
1985 3887 2293 3970 quintam,
2343 3887 2434 3951 sic
2479 3888 2814 3971 probatur:
2864 3887 3081 3951 Tenor
3125 3892 3301 3951 stans

759 3996 828 4059 in
876 3995 1104 4058 eodem
1162 4016 1279 4077 per
1334 3994 1490 4058 duas
1547 3993 1809 4058 voculas
1867 3997 1978 4057 aut
2033 3993 2250 4076 plures
2309 3995 2404 4057 uti
2459 3997 2503 4060 d
2531 3996 2575 4059 d
2601 3997 2670 4077 d,
2735 4016 3048 4079 organum
3107 3994 3302 4059 faciat

760 4104 795 4176 b
830 4105 864 4179 b
899 4106 949 4175 b.
1056 4101 1369 4166 Similiter
1430 4101 1485 4166 si
1542 4106 1766 4166 cantus
1826 4102 2173 4166 descendat
2226 4124 2342 4185 per
2397 4102 2809 4166 semitonium
2849 4096 3134 4166 'realiter
3191 4107 3300 4166 aut

762 4209 1244 4291 subintellecte,
1312 4230 1627 4294 organum
1680 4214 1858 4274 stans
1921 4211 1990 4272 in
2047 4208 2269 4292 quinta
2329 4213 2591 4272 maneat
2644 4209 2712 4273 in
2776 4210 3030 4291 eadem,
3084 4214 3181 4292 ut,
3245 4210 3298 4274 si

936 4545 954 4580 1
990 4542 1196 4597 facere.
1614 4544 1636 4580 2
1672 4542 1960 4610 quoniam.

931 4630 955 4668 3
989 4629 1105 4683 Pie
1117 4632 1223 4683 tro
1244 4631 1453 4698 Aron,
1474 4628 1774 4683 Iamidario
1793 4630 1871 4696 II,
1892 4629 1987 4683 fol.
2008 4629 2043 4683 8
2061 4646 2129 4698 v„
2155 4628 2366 4684 nimmt
2383 4628 2488 4684 auf
2501 4628 2872 4699 vorliegende
2895 4628 3072 4684 Stelle
3093 4628 3297 4694 Bezug.

930 4717 955 4753 4
989 4714 1179 4770 faciet.
