3592 5509
1718 363 2150 428 -88-

818 535 965 600 ‘Alii
1017 558 1172 601 vero
1232 540 1305 599 ut
1363 535 1676 621 magister
1731 559 1913 601 meus
1967 535 2349 603 Iohannes
2406 539 2492 602 de
2547 537 2832 621 Monte,
2905 539 3204 624 qui·fuit

659 645 905 730 primus
952 644 1063 729 qui
1106 667 1211 708 me
1255 645 1533 709 musices
1581 647 1722 726 (pag.
1759 649 1844 728 71)
1893 645 2128 711 imbuit
2156 646 2558 728 rudimentiS,
2607 647 2690 712 ad
2732 646 2904 712 latus
2949 648 3200 733 signum

658 774 885 836 unum,
943 757 1017 817 ut
1062 752 1519 837 disposuimus,
1577 753 1862 844 negabat
1917 775 2056 818 esse
2110 755 2480 838 ponendum
2535 759 2600 818 et
2652 776 2852 818 unum
2907 756 3029 820 sub
3075 754 3203 819 alio

660 887 1061 951 concedebat
1101 885 1227 951 hoc
1272 887 1463 951 modo
1516 865 1657 992 gg
1690 865 1827 992 gg
1885 887 2008 970 vel,
2057 888 2112 952 si
2141 886 2576 972 geometricae
2621 887 2866 974 figurae
2897 888 3206 954 Indorum

662 995 1097 1081 caracteribus
1130 1015 1540 1098 misceantur,
1584 1015 1708 1080 hoc
1753 1016 1948 1081 modo
2000 1005 2134 1110 (ἐξ
2175 1005 2231 1111 (2)
2263 1005 2343 1110 (23,
2391 1017 2485 1080 ita
2529 1021 2748 1081 tamen
2793 1020 2866 1080 ut
2911 1020 3204 1101 superius

660 1141 920 1226 signum
972 1141 1244 1205 istorum
1304 1145 1529 1206 teneat
1583 1142 1791 1206 vicem
1852 1143 2086 1225 prioris
2149 1141 2422 1207 aliorum
2478 1141 2890 1226 antiquorum
2952 1140 3204 1205 ratione

660 1241 916 1314 fundati
936 1253 957 1293 1
978 1251 1032 1314 *.
1146 1249 1317 1313 Nam
1385 1250 1440 1314 si
1510 1249 1637 1334 ipsi
1712 1250 2064 1334 disponunt
2122 1255 2378 1334 tempus
2446 1272 2590 1315 cum
2655 1249 3018 1334 prolatione
3082 1248 3206 1314 hoc

661 1367 854 1431 modo
910 1356 1147 1451 {{}{,2
1221 1389 1366 1431 cum
1433 1365 1596 1431 nihil
1656 1367 1832 1430 aliud
1899 1367 1984 1430 sit
2050 1365 2097 1436 5
2166 1389 2357 1451 quam
2428 1383 2483 1438 O
2559 1389 2679 1432 nec
2750 1381 2800 1438 C
2879 1388 3072 1450 quam
3139 1363 3202 1448 2,

660 1482 1048 1548 rationabile
1113 1484 1395 1566 videtur,
1454 1477 1527 1546 ut
1581 1482 1881 1547 similiter
1942 1484 2018 1548 de
2072 1484 2265 1548 modo
2327 1506 2472 1549 cum
2525 1487 2816 1566 tempore
2873 1482 3204 1548 faciamus,

661 1591 946 1674 Tempus
977 1612 1131 1655 vero
1166 1587 1310 1655 cum
1341 1591 1725 1675 prolatione,
1777 1592 1948 1675 quod
1980 1591 2257 1655 diximus
2288 1592 2381 1656 sic
2408 1591 2818 1676 figurandum
2863 1607 2918 1662 Ε)
2949 1605 3000 1663 Ε
3035 1605 3091 1662 O
3123 1605 3202 1672 C,

663 1697 921 1763 dicebat
953 1699 1045 1763 sic
1078 1721 1219 1763 esse
1250 1699 1621 1783 ponendum
1666 1707 1814 1778 Θρξ
1839 1707 1986 1778 &Q
2007 1750 2020 1776 ,
2071 1698 2374 1782 quoniam
2404 1703 2558 1763 tunc
2589 1703 2764 1764 recte
2810 1703 3210 1764 monstratur

661 1794 943 1890 prolatio
1002 1807 1175 1870 intra
1232 1811 1489 1890 tempus
1549 1807 1830 1885 reclusa3
1900 1806 2216 1890 perfectio
2276 1810 2341 1870 et
2399 1806 2806 1891 imperfectio
2870 1808 3207 1892 utriusque

663 1913 922 1979 clariori
966 1915 1159 1979 modo
1206 1913 1634 2000 cognoscitur.
1725 1914 1864 1980 Nos
1917 1936 2070 1979 vero
2127 1915 2403 1979 diximus
2458 1915 2558 1979 illi
2610 1916 2890 1999 primum
2944 1916 3207 1980 modum

666 2009 807 2086 esse
854 2022 1276 2096 subtiliorem.

810 2129 1117 2194 'Fundati
1150 2130 1321 2194 enim
1351 2131 1419 2194 in
1450 2129 1574 2195 hoc
1605 2152 2124 2215 unamquamque
2156 2130 2448 2194 notulam
2484 2132 2754 2213 duarum
2801 2131 3210 2215 sequentium

663 2238 951 2303 valorem
982 2241 1205 2302 tenere
1236 2243 1470 2307 natura
1501 2239 1898 2324 geometrica
1937 2238 2487 2304 demonstratione
2532 2239 2967 2322 probavimus.
3046 2237 3210 2303 Cum

664 2345 867 2430 igitur
896 2345 1071 2409 aliud
1102 2346 1361 2430 signum
1389 2367 1523 2410 non
1551 2345 1947 2429 reperiretur
1987 2345 2399 2428 contrarium,
2445 2350 2677 2410 natura
2723 2367 2840 2410 sua
2885 2347 3211 2410 canendus

668 2457 767 2517 est
812 2457 1057 2535 cantus,
1116 2453 1364 2518 scilicet
1405 2476 1522 2538 per
1566 2454 1889 2518 binarium
1932 2475 2289 2518 numerum.
2381 2454 2469 2517 At
2514 2475 2660 2518 cum
2705 2453 2812 2517 via
2870 2454 3026 2518 artis
3079 2457 3214 2517 ter-

664 2561 919 2624 narium
972 2560 1273 2648 facimus,
1336 2561 1553 2646 aliquo
1609 2563 1800 2647 signo
1853 2562 2341 2645 perscribimus,
2394 2561 2490 2625 ita
2545 2562 2741 2646 quod,
2810 2563 2932 2626 etsi
2984 2561 3212 2626 notula

668 2671 827 2734 duas
872 2673 1127 2733 tantum
1171 2669 1431 2734 valebat
1482 2674 1740 2753 natura,
1789 2693 1908 2754 per
1961 2675 2167 2734 artem
2220 2669 2492 2734 facimus
2549 2675 2702 2734 treS.
2797 2669 2959 2734 Cum
3008 2670 3214 2756 igitur

666 2776 943 2841 alterum
1003 2777 1275 2842 istorum
1326 2793 1381 2849 O
1417 2793 1467 2849 C
1531 2779 1831 2861 ponimus
1887 2778 2171 2864 signum,
2228 2777 2535 2862 prolati0,
2596 2778 2901 2861 quoniam
2953 2778 3213 2863 signum

670 2885 808 2948 eius
852 2906 983 2950 non
1039 2889 1153 2968 est,
1217 2886 1599 2969 imperfecta
1651 2885 1988 2950 iudicatur.
2085 2885 2247 2950 Cum
2300 2907 2454 2950 vero
2513 2885 2772 2970 signum
2822 2885 2997 2950 idest
3047 2902 3215 2968 pun-

665 2996 844 3055 ctum
885 2991 957 3056 in
1000 2993 1215 3057 medio
1262 2993 1485 3058 circuli
1533 2997 1645 3057 aut
1690 2993 2077 3058 semicirculi
2122 2993 2402 3077 ponitur,
2451 2993 2770 3078 perfectio
2826 2993 3048 3057 circuli
3102 2993 3215 3057 de-

666 3100 965 3185 signatur
1009 3101 1391 3185 prolationis
1435 3101 1906 3185 perfectionem
1953 3101 2321 3168 denotantis
2340 3103 2438 3165 **.

840 3209 1154 3294 Magister
1196 3231 1350 3274 vero
1388 3209 1771 3274 Robertus
1803 3209 2174 3295 Anglicus
2217 3210 2684 3294 proprietatem
2728 3209 3097 3274 notularum
3141 3209 3214 3272 in

667 3317 1029 3401 geometria
1082 3316 1419 3402 ignorans
1446 3317 1841 3382 contrarium
1901 3317 2184 3400 dicebat,
2250 3317 2376 3381 hoc
2441 3322 2564 3382 est:
2637 3318 2892 3401 quando
2956 3317 3213 3402 signum

667 3425 981 3508 temporis
1011 3447 1141 3491 non
1170 3425 1509 3509 reperitur,
1556 3423 1918 3509 perfectum
1952 3447 2092 3490 esse
2135 3428 2392 3508 tempus
2439 3424 2891 3491 arbitrabatur.
2971 3423 3213 3490 Omnes

668 3531 806 3596 fere
865 3536 1091 3596 cantus
1148 3534 1349 3618 signis
1418 3538 1711 3598 carentes
1774 3533 1943 3597 male
2017 3533 2410 3616 compositos
2476 3555 2616 3597 esse
2681 3532 2955 3596 dicebat.
3064 3532 3212 3615 Ipse

669 3641 845 3703 enim
874 3639 1115 3704 inscius
1149 3641 1479 3706 doctrinae
1518 3646 1723 3706 artem
1767 3643 2212 3726 praeponebat
2254 3645 2542 3724 naturae,
2593 3642 2773 3706 cuius
2820 3640 3212 3706 contrarium

671 3747 1089 3812 manifestum
1124 3752 1239 3831 est,
1290 3749 1441 3832 quia
1472 3771 1575 3818 ars
1604 3750 1899 3814 imitatur
1941 3753 2239 3814 naturam
2285 3750 2354 3813 in
2401 3753 2710 3832 quantum
2754 3753 2988 3833 potest.
3063 3749 3215 3812 Non

668 3860 892 3920 tamen
940 3856 1191 3939 dicitur,
1241 3857 1413 3941 quod
1456 3861 1689 3921 natura
1736 3861 1942 3922 artem
1985 3857 2293 3939 imitetur,
2344 3878 2489 3922 cum
2535 3879 2728 3940 saepe
2777 3861 2984 3921 artem
3031 3855 3217 3920 aber-

666 3985 817 4027 rare
863 3964 1175 4047 videmus,
1222 3968 1520 4029 naturam
1564 3986 1719 4030 vero
1763 3987 1910 4030 raro
1957 3965 2062 4029 vel
2106 3986 2451 4048 nunquam.

846 4205 865 4240 1
893 4171 1198 4258 fundatus.
1660 4204 1683 4240 2
1732 4186 2136 4281 }{{{.Vg1.
2174 4201 2371 4256 hierzu
2411 4201 2573 4256 S.·82.

846 4306 877 4341 *
913 4307 1037 4360 11110
1086 4305 1247 4361 aliud
1291 4309 1382 4361 est
1424 4306 1626 4377 ziphra
1669 4307 1897 4361 numeri
1941 4308 2002 4362 et
2045 4305 2206 4360 aliud
2257 4307 2348 4360 est
2396 4304 2643 4358 circulus
2689 4306 2749 4359 et
2797 4307 3220 4372 consequenter

668 4392 1057 4447 diversimode
1109 4393 1513 4448 conducuntur
1556 4396 1617 4448 et
1662 4393 2117 4448 considerantur.
2209 4390 2355 4446 Nam
2410 4391 2655 4446 circulus
2713 4394 2772 4444 et
2824 4389 3216 4445 semicirculus

674 4481 903 4548 tempus
942 4480 1344 4535 demonstrant
1378 4479 1702 4550 perfectum
1723 4483 1801 4534 'et
1835 4479 2236 4550 imperfectum
2272 4481 2332 4533 et
2367 4477 2569 4547 ziphra
2603 4476 2846 4532 ternarii
2881 4477 2974 4532 vel
3005 4475 3220 4532 binarii

667 4572 707 4620 5
731 4572 767 4618 2
800 4581 1102 4622 numerum
1138 4565 1695 4636 proportionabilem
1728 4567 1885 4620 idest
1920 4567 2124 4634 aptum
2159 4566 2233 4619 ad
2269 4564 2516 4619 alterum
2552 4563 2768 4619 referri.

742 4703 747 4708 .
849 4651 1061 4708 **.H-ic
1096 4657 1255 4708 recte
1294 4652 1476 4708 sentit
1512 4654 1583 4708 de
1622 4652 1788 4722 signo
1825 4651 2184 4722 prolationis,
2771 4653 2779 4660 ‘
