3592 5509
1321 431 1755 497 ...65-

446 607 635 672 Nunc
668 610 901 687 autem,
953 607 1257 690 quoniam
1288 627 1482 691 super
1511 606 1734 670 datum
1765 608 2026 670 cantum
2071 605 2450 690 organizare
2497 626 2813 688 curamuS,

273 716 583 800 quasdam
629 713 887 800 regulas
932 715 1163 779 breves
1212 714 1623 798 antiquorum
1667 712 1846 798 prius
1891 713 2268 794 inseremus,
2321 734 2592 796 quarum

363 841 431 904 1a
478 843 600 904 est:
664 838 1107 903 Inchoandum
1170 842 1235 903 et
1285 837 1637 903 finiendum
1697 841 1795 902 est
1847 837 1915 903 in
1971 838 2186 921 specie
2241 837 2531 921 perfecta
2586 842 2696 902 aut
2747 837 2817 901 in

496 947 1388 1016 unisono..
2399 960 2405 965 ’

362 1055 430 1118 2²
474 1054 624 1119 Non
680 1077 874 1120 unam
927 1059 1076 1138 post
1123 1053 1317 1118 aliam
1363 1053 1642 1118 similem
1686 1052 1902 1118 facere
1947 1075 2068 1117 nec
2113 1052 2456 1118 unisonum
2500 1052 2670 1117 licet.

360 1163 430 1226 3²
475 1162 901 1247 Imperfectae
962 1163 1125 1226 duae
1182 1165 1295 1226 aut
1337 1161 1554 1246 plures
1601 1183 1796 1225 unam
1829 1165 1991 1244 post
2049 1161 2243 1224 aliam
2295 1165 2568 1244 possunt
2588 1165 2609 1205 1
2655 1159 2811 1225 dari.

361 1271 431 1335 4a
478 1271 549 1335 Si
606 1273 831 1335 cantus
904 1270 1315 1335 continuetur
1380 1269 1451 1333 in
1516 1267 1742 1334 eodem
1811 1289 1970 1333 sono
2037 1290 2155 1352 per
2222 1270 2378 1333 duas
2447 1290 2638 1334 voces
2707 1253 2819 1332 aut

500 1379 735 1463 plures,
786 1398 1102 1462 organum
1130 1377 1200 1441 in
1237 1377 1463 1442 eodem
1508 1397 1666 1440 sono
1712 1399 1845 1441 non
1891 1365 2198 1460 quiescat,
2247 1377 2360 1441 sed
2404 1398 2521 1460 per
2565 1376 2818 1441 diversa

503 1486 647 1551 loca
691 1489 991 1549 mutetur.
2137 1474 2140 1480 ’
2568 1473 2572 1480 ’

363 1591 433 1656 5²²
498 1592 752 1677 regula:
846 1591 1044 1656 Sexta
1088 1591 1297 1654 maior
1340 1590 1675 1676 coniungit
1720 1591 1802 1654 ad
1848 1595 2159 1672 octavam,
2221 1589 2433 1655 minor
2489 1613 2643 1655 vero
2690 1591 2820 1655 dis-

500 1700 714 1786 iungit
745 1700 826 1764 ad
859 1700 1168 1783 quintam.
1247 1698 1355 1764 Sic
1402 1702 1467 1764 et
1510 1699 1707 1764 tertia
1748 1698 1957 1763 maior
2002 1699 2083 1762 ad
2131 1698 2421 1781 quintam
2468 1697 2816 1784 disgregat,

501 1807 713 1872 minor
758 1811 975 1870 autem
1022 1807 1103 1870 ad
1148 1806 1491 1871 unisonum
1538 1807 1814 1871 adducit.

364 1911 433 1976 6²
480 1910 551 1974 Si
595 1914 783 1975 tenor
828 1909 1134 1991 ascendit,
1186 1913 1685 1993 contrapunctus
1732 1907 2120 1975 descendere
2165 1914 2484 1994 procuret.

449 2035 669 2100 Prima
716 2035 887 2098 enim
930 2033 1157 2119 regula
1211 2033 1301 2098 sic
1357 2033 1743 2099 declaratur:
1803 2033 1966 2099 Cum
2022 2033 2365 2118 incipimus
2422 2033 2816 2120 organizare,

278 2165 591 2228 ponamus
637 2163 861 2207 vocem
906 2141 974 2205 in
1022 2142 1247 2225 quinta
1292 2141 1397 2206 vel
1439 2141 1509 2205 in
1555 2146 1783 2206 octava
1831 2145 1942 2206 aut
1985 2142 2055 2206 in
2102 2142 2317 2226 aliqua
2363 2142 2490 2206 alia
2537 2143 2618 2206 ab
2676 2141 2820 2206 istis

280 2250 638 2335 composita
682 2248 1033 2314 secundum
1079 2249 1253 2314 vocis
1299 2248 1827 2314 commoditatem
1893 2255 1959 2314 et
2017 2249 2212 2315 etiam
2265 2251 2334 2317 in
2390 2251 2693 2329 unison03
2758 2254 2824 2314 et

280 2382 425 2425 cum
476 2357 762 2441 finimus,
834 2356 959 2423 hoc
1012 2358 1187 2422 idem
1239 2356 1625 2434 faciendum.
1727 2357 1868 2422 Hoc
1923 2362 2140 2422 autem
2203 2362 2301 2422 est
2357 2363 2624 2443 propter
2676 2357 2817 2440 hoc,

280 2467 431 2553 quia
476 2466 641 2532 aliae
686 2465 1152 2530 consonantiae
1196 2486 1328 2529 non
1374 2469 1524 2528 sunt
1567 2469 1784 2530 tantae
1842 2465 2278 2550 perfectionis,
2337 2470 2614 2552 quantae
2673 2470 2822 2532 sunt

275 2575 461 2641 istae.
554 2575 709 2638 Ideo
754 2573 825 2637 in
866 2572 1186 2656 principio
1233 2572 1570 2636 meliorem
1614 2573 1830 2637 facere
1879 2577 1944 2637 et
1995 2574 2064 2637 in
2115 2572 2243 2638 fine
2306 2574 2614 2639 debemus
2631 2576 2685 2657 ³¹²,
2753 2575 2823 2639 in

280 2682 495 2748 medio
539 2703 693 2746 vero
739 2679 1251 2764 imperfectiores
1295 2679 1682 2745 interserere
1728 2680 1980 2744 licitum
2029 2685 2142 2745 est.

454 2788 749 2855 Secunda
778 2787 1006 2874 regula
1034 2787 1424 2873 intelligitur
1470 2789 1589 2853 sic:
1638 2788 1787 2852 Non
1835 2789 2142 2854 debemus
2190 2789 2360 2872 dare,
2408 2789 2531 2855 hoc
2579 2795 2676 2855 est
2720 2790 2822 2855 bis

279 2897 567 2982 perfecte
629 2917 981 2962 consonare
1037 2917 1182 2960 cum
1240 2899 1465 2961 tenore
1522 2896 1912 2961 ascendente
1964 2896 2071 2962 vel
2134 2897 2562 2962 descendente
2626 2897 2822 2962 simili

281 3005 497 3089 specie
542 3005 849 3089 perfecta,
910 3003 1215 3090 quoniam
1271 3008 1427 3068 tunc
1484 3003 1659 3069 idem
1716 3025 2056 3088 processus
2111 3003 2453 3070 videretur.
2545 3004 2713 3070 Nam
2767 3005 2822 3070 si

280 3118 471 3179 tenor
516 3115 560 3178 d
586 3135 619 3178 c
666 3117 731 3178 et
776 3134 1091 3199 organum
1136 3113 1223 3176 lle
1266 3112 1334 3176 in
1382 3116 1627 3195 octava,
1692 3113 1917 3176 eadem
1962 3134 2085 3176 vox
2130 3113 2457 3177 videretur
2503 3134 2670 3193 esse3
2731 3113 2822 3178 sic

283 3226 349 3286 et
408 3222 485 3286 de
545 3202 839 3285 unisono.
942 3220 1160 3284 Etiam
1223 3220 1277 3284 si
1334 3221 1582 3285 dicatur
1634 3222 1675 3285 h
1700 3242 1768 3304 9,
1835 3219 2218 3304 prohibetur
2273 3222 2496 3286 eadem
2549 3223 2820 3303 ratione,

278 3351 413 3394 11011
460 3329 631 3412 quod
678 3329 1049 3393 omnimoda
1106 3329 1191 3392 sit
1253 3328 1632 3412 similitudo,
1696 3330 1812 3393 sed
1867 3323 2016 3414 quia
2074 3351 2327 3416 magna.
2417 3330 2822 3394 Tristanus

280 3458 434 3501 vero
483 3437 570 3501 de
617 3435 830 3500 Silva
873 3436 942 3500 in
1002 3435 1243 3520 quinta,
1301 3441 1373 3500 ut
1428 3436 1537 3519 ait,
1594 3458 1729 3501 non
1781 3436 2164 3522 prohibetur
2219 3437 2452 3520 taliter,
2520 3437 2822 3522 quoniam

279 3547 499 3628 potest
542 3543 681 3607 fieri
728 3543 951 3627 quinta
995 3547 1145 3627 post
1191 3544 1501 3627 quintam,
1566 3545 1716 3609 dum
1760 3549 1981 3610 tamen
2025 3567 2156 3609 una
2206 3546 2292 3609 sit
2337 3545 2821 3627 semidiapente,

282 3651 413 3716 alia
456 3673 607 3716 vero
655 3651 977 3735 diapente,
1035 3651 1201 3716 sicut
1244 3652 1599 3735 reperimus
1644 3651 1712 3716 in
1758 3652 2083 3718 cantilena
2128 3653 2273 3717 Sois
2315 3653 2714 3738 emmanu-5⁵2
2761 3656 2825 3718 et

281 3761 352 3824 in
399 3759 541 3824 aliis
590 3759 1079 3844 antiquioribus
1174 3759 1304 3826 Sed
1356 3759 1479 3824 hoc
1533 3782 1664 3824 non
1720 3766 1818 3828 est
1875 3761 2366 3854 concedendum
2407 3761 2476 3824 in
2531 3760 2823 3846 integriS‚

281 3867 451 3932 bene
509 3871 730 3934 tamen
784 3869 864 3931 in
918 3867 1169 3950 fractiS‚
1228 3868 1400 3932 idest
1464 3869 1527 3932 in
1602 3868 2025 3935 diminutione
2091 3869 2490 3952 notularum,
2567 3870 2644 3933 de
2701 3891 2826 3953 qua

280 3975 476 4059 paulo
550 3979 701 4059 post
775 3975 1079 4040 dicemus,
1200 3975 1565 4041 Dissimiles
1641 3980 1863 4041 tamen
1936 3977 2262 4061 perfectae
2336 3982 2610 4062 possunt
2682 3975 2824 4041 fieri

468 4287 486 4322 1
521 4300 709 4354 posse.

458 4373 480 4408 2
514 4370 751 4425 Pietro
788 4371 995 4438 Aron,
1034 4369 1333 4424 Ducidario
1368 4371 1435 4424 in
1468 4373 1686 4426 musica
1721 4372 1797 4438 11,
1836 4371 1932 4426 fol.
1961 4372 1990 4424 7
2015 4388 2084 4440 v.,
2123 4371 2325 4442 bringt
2361 4372 2454 4428 die
2495 4372 2674 4427 Stelle
2712 4389 2824 4427 von

294 4457 623 4511 >Tristanus
662 4487 731 4496 -
768 4455 909 4526 Soys
950 4456 1297 4526 emprantis‹
1343 4457 1404 4510 in
1444 4446 1857 4527 Ubersetzung.

460 4544 490 4577 '¹‘
526 4543 955 4597 Incontrarium
993 4541 1222 4612 saepius
1262 4546 1525 4597 servatur
1571 4561 1748 4614 supra
1778 4543 1927 4601 illud
1965 4561 2216 4601 carmen:
2263 4545 2446 4600 Debita
2473 4546 2824 4614 principium

282 4630 479 4701 <melior
512 4629 737 4696 fortuna
772 4635 1032 4698 sequetur.
1112 4627 1257 4682 Nam
1294 4628 1423 4683 finis
1462 4631 1552 4684 est
1586 4629 1867 4699 perfectio
1905 4630 2014 4697 rei,
2063 4646 2180 4686 11011
2225 4633 2422 4686 autem
2457 4631 2828 4704 principium,

284 4719 351 4770 ut
389 4715 771 4770 Aristoteli
807 4716 1017 4786 placet.

384 4819 589 4860 Beihefte
617 4819 695 4860 der
720 4818 839 4860 me.
880 4819 934 4861 11.
1065 4825 1070 4832 ·
2347 4807 2350 4812 ’
2376 4822 2411 4875 5
