3592 5509
1265 401 1653 465 ...3-

171 575 248 639 in
303 573 630 639 humanos
685 576 962 656 animOS,
1030 594 1146 640 seu
1204 573 1486 638 mulcere
1547 595 1690 638 seu.
1719 573 1951 638 tollere
2010 573 2195 656 velit,
2258 574 2726 643 auctoritatem.

175 682 439 760 Quodsi
493 681 616 748 hac
673 687 901 748 nostra
952 687 1340 765 tempestate
1399 686 1502 746 tot
1552 681 1865 748 miracula
1921 704 2039 765 per
2097 683 2412 750 musicam
2460 683 2729 752 minime

171 790 362 873 fiant,
409 813 543 856 non
589 792 732 873 arti,
783 813 948 876 quae
993 813 1188 875 supra
1233 794 1528 856 naturam
1573 789 2047 873 perfectissima
2078 793 2195 873 est,
2244 790 2360 856 sed
2392 796 2529 859 arte
2558 791 2741 858 male-

173 898 522 965 utentibus
566 900 1016 984 imputandum
1062 903 1178 966 est.
1257 898 1355 964 Si:
1377 899 1549 963 enim
1589 897 1708 980 illi,
1760 919 2033 983 quorum
2074 920 2271 982 supra
2286 899 2741 984 ,meminimu8',.

174 1007 630 1090 probatissimi
673 1008 906 1072 musici
951 1007 1031 1073 ad
1074 1007 1276 1071 vitam
1313 1009 1790 1088 revocarentur,
1839 1005 2153 1071 musicam
2181 1007 2391 1071 nostri
2418 1007 2733 1092 temporis

182 1137 221 1179 a
267 1137 340 1179 se
386 1116 720 1180 inventam
763 1120 1106 1201 negarent:
1154 1136 1357 1199 usque
1390 1113 1551 1179 adeo
1581 1113 1825 1197 inepta,
1871 1111 2260 1178 inconcinna
2294 1113 2737 1204 dissipataque

181 1223 590 1307 quorundam
623 1223 972 1288 'cantorum
1018 1222 1474 1307 depravatione
1499 1221 1772 1288 reddita
1820 1225 1936 1287 est.
2038 1257 2041 1264 ·

360 1331 480 1395 His
535 1331 737 1417 igitur
791 1330 1166 1395 rationibus
1211 1331 1374 1395 moti
1426 1351 1732 1413 praesens
1788 1351 1951 1413 opus
2009 1328 2331 1416 edidimus·
2370 1333 2727 1414 sperantes,

183 1439 310 1503 etsi
358 1439 489 1504 sint
531 1438 808 1504 fortasse
857 1437 1057 1521 aliqui
1100 1459 1269 1503 nunc
1300 1437 1612 1521 viventeS‚
1662 1438 1770 1522 qui
1802 1436 2007 1502 livore
2038 1437 2355 1502 stimulati
2389 1436 2729 1503 detrahere

183 1569 382 1632 quam
424 1546 736 1632 proficere
776 1545 1024 1628 malint,
1071 1544 1322 1611 futuros
1357 1545 1552 1610 etiam
1584 1545 1754 1628 apud
1782 1545 2460 1630 posteritatemquam
2486 1545 2742 1631 plures,-

182 1657 296 1739 qui
343 1654 597 1738 sepulto
641 1653 924 1718 invidiae
969 1675 1219 1718 veneno
1250 1657 1542 1720 nostrum
1570 1653 1866 1718 laborem
1894 1652 2163 1718 laudent
2195 1657 2261 1718 et
2291 1654 2741 1737 operinostro

180 1763 445 1828 virtutis
491 1784 710 1828 amore
757 1760 1072 1845 compulsi
1115 1760 1403 1826 favorem
1451 1760 1823 1828 adhibeant.
1905 1760 2160 1844 ,Operis
2215 1760 2419 1847 igitur
2470 1763 2559 1826 sit
2601 1763 2739 1832 ista,

181 1871 470 1956 partitio.
562 1869 641 1935 In
693 1869 902 1953 primo
958 1870 1126 1934 libro
1182 1868 1488 1933 subtilem
1539 1868 1893 1952 practicam
1934 1890 2275 1952 ponemus,
2331 1869 2401 1934 in
2446 1871 2731 1935 secundo

183 1979 543 2045 theoricam
575 1979 871 2042 accurate
906 1977 1339 2055 discutiemus,
1365 1977 1435 2040 in
1457 1976 1653 2041 tertio
1677 1975 1989 2040 musicam
2011 1975 2725 2058 ›semimathematicam,

184 2086 683 2170 semiphysicam
739 2107 1024 2171 congrua
1078 2084 1330 2150 ratione
1389 2084 1828 2168 probabimus,
1941 2084 2229 2149 Primum
2285 2083 2513 2171 igitur,
2576 2086 2730 2170 quid

177 2195 433 2259 musica
477 2195 563 2258 sit
608 2192 840 2278 quidve
886 2192 1242 2275 harmonia,
1298 2191 1704 2257 disseramus.
2730 2257 2737 2262 ,

243 2299 249 2302 ’
361 2315 505 2382 (pag.
529 2316 602 2372 3).
640 2302 859 2368 Finito
915 2302 1187 2387 prologo
1249 2299 1482 2384 incipit
1545 2303 1890 2382 tractatus,
1960 2300 2074 2365 ubi
2141 2301 2351 2385 primo
2423 2301 2578 2386 quid
2642 2301 2733 2366 sit

178 2410 432 2476 musica
478 2410 709 2495 quidve
754 2409 1094 2475 harmonia
1138 2408 1518 2493 disputatur.

961 2695 1468 2796 ,capitulum
1521 2692 1921 2777 primum.

184 2841 765 2977 HARMONIAM
811 2847 1000 2926 atque
1046 2842 1360 2906 musicam
1403 2841 1581 2906 idem
1624 2863 1764 2906 esse
1795 2840 1986 2904 multi
2018 2840 2305 2922 credunt,
2354 2861 2577 2904 verum
2608 2861 2731 2904 nos

341 2950 535 3036 longe
556 2949 772 3014 aliter
817 2948 1144 3014 sentimus.
1223 2948 1321 3013 Ex
1366 2950 1766 3034 quorundam
1815 2949 1985 3013 enim
2030 2947 2423 3016 musicorum
2468 2949 2730 3012 senten-

185 3058 297 3122 tiis
351 3058 546 3144 longa
597 3053 1097 3143 investigatione
1155 3057 1536 3143 collegimus
1580 3056 1989 3121 harmoniam
2035 3055 2452 3122 concordium
2497 3076 2727 3119 vocum

192 3187 330 3231 esse
377 3165 924 3244 commixtionem,
986 3165 1297 3230 musicam
1340 3187 1494 3229 vero
1533 3165 1750 3249 ipsius
1797 3163 2179 3229 concordiae
2223 3162 2545 3228 rationem
2591 3163 2729 3227 sive

188 3297 570 3359 perpensam
603 3277 666 3338 et
697 3274 1002 3338 subtilem
1032 3295 1178 3338 cum
1205 3274 1457 3338 ratione
1487 3273 1881 3358 indaginem.
1958 3272 2206 3336 Musica
2241 3275 2459 3336 autem
2490 3271 2728 3354 triplex

193 3386 315 3461 est;
360 3405 513 3446 nam
558 3381 686 3444 alia
728 3381 1079 3464 mundana,
1137 3381 1266 3445 alia
1310 3380 1619 3464 humana,
1655 3380 1808 3444 ,alia
1851 3402 2005 3445 vero
2056 3379 2291 3444 dicitur
2334 3379 2729 3443 instrumen-

189 3490 354 3554 talis.
446 3490 834 3554 Mundanam
881 3493 1071 3574 atque
1118 3487 1483 3570 humanam,
1535 3488 1839 3572 quoniam
1885 3486 2321 3571 speculativae
2367 3486 2727 3552 theoricae-

193 3620 311 3683 que
357 3601 532 3682 sunt,
590 3598 660 3661 in
705 3599 984 3663 secundo
1028 3597 1197 3663 libro
1243 3597 1565 3682 tertioque
1612 3596 2179 3680 pertractabimus3
2238 3593 2433 3680 tertia
2486 3599 2721 3676 autem,

193 3728 350 3790 quae
418 3711 558 3772 tota
620 3707 789 3770 circa
853 3707 1281 3770 instrumenta
1337 3708 1658 3786 versatur,
1731 3702 2163 3768 consideratio
2239 3701 2521 3786 priorem
2599 3701 2725 3767 sibi

191 3815 556 3879 vendicabit
598 3813 830 3878 locum.
1669 3815 1676 3819 ’

359 3922 865 3986 Instrumentum
914 3921 1147 4005 duplex
1194 3925 1318 3986 est:
1381 3920 1556 3985 aliud
1612 3920 1784 3984 enim
1837 3924 2095 3999 natura,
2148 3917 2323 3982 aliud
2372 3937 2525 3980 vero
2586 3920 2726 3980 arte

192 4032 456 4094 constat.
549 4027 863 4093 Naturale
907 4028 1406 4093 instrumentum
1452 4050 1578 4093 vox
1621 4025 1903 4092 hominis
1952 4031 2067 4110 est,
2088 4009 2103 4048 Ψ
2119 4025 2292 4110 quod
2339 4007 2729 4088 naturaliter

193 4158 411 4202 vocem
457 4136 707 4201 elevare
755 4137 1240 4221 deprimereque
1270 4158 1630 4220 possumus.
1709 4136 1886 4200 Artis
1915 4135 2419 4199 instrumentum
2467 4131 2720 4214 dicitur,

200 4245 364 4329 quod
410 4249 547 4310 arte
599 4243 716 4308 fiat
766 4266 898 4309 non
942 4249 1200 4327 natura,
1260 4249 1334 4308 ut
1378 4243 1886 4310 monochordum
1944 4247 2010 4307 et
2050 4240 2310 4331 ,cithara
2371 4244 2437 4305 et
2468 4242 2727 4322 cetera,

195 4375 352 4437 quae
411 4352 772 4418 cantilenae
828 4351 1242 4418 famulantur.
1345 4351 1534 4418 Circa
1593 4367 1865 4437 quorum·
1924 4349 2475 4416 accuratissimam
2540 4368 2729 4432 prac-.

191 4461 352 4526 ticae
383 4459 968 4529 considerationem
1002 4462 1130 4526 tria
1158 4461 1621 4546 perscrutanda
1649 4460 1839 4526 nobis
1873 4462 2247 4530 occurrunt:
2295 4478 2420 4521 vox
2453 4455 2737 4538 scilicet,

193 4589 380 4634 sonus
426 4573 619 4653 atque
664 4591 970 4634 numerus
1015 4570 1151 4634 sive
1197 4591 1515 4636 mensura.
1607 4567 1749 4633 Vox
1794 4569 1864 4632 in
1906 4565 2242 4651 proposito
2292 4565 2556 4628 abusive
2601 4584 2721 4648 pro

192 4675 519 4741 hominum
553 4682 619 4742 et
659 4676 1236 4762 instrumentorum
1265 4700 1425 4744 sono
1457 4677 1758 4764 sumitur,
1799 4680 1873 4764 ut
1902 4673 2366 4744 Aristotelis
2399 4671 2723 4738 sententia

2238 4794 2303 4846 1*
2434 4819 2440 4822 -
