3592 5509
1800 423 2229 487 -98-

749 614 787 676 q
832 592 872 655 8
921 613 1059 656 esse
1107 593 1455 680 digitorum
1501 596 1673 660 clare
1717 595 2241 678 monstrabimus,
2303 617 2466 680 quae
2511 600 2613 660 ter
2659 596 2849 662 ducta
2895 596 2980 659 24
3025 596 3280 683 integre

749 700 1016 765 metitur
1060 707 1127 767 et
1182 703 1275 768 sic
1316 702 1580 786 triplam
1636 725 1903 769 servans
1957 704 2443 788 proportionem
2488 694 2788 788 diapente
2847 708 2914 768 et
2967 703 3280 788 diapason

748 809 829 873 ad
858 813 1066 874 totam
1109 810 1417 877 chordam
1456 817 1720 877 resonat
1763 811 2229 896 symphoniam.
2323 809 2453 876 Sed
2482 832 2514 874 e
2541 832 2582 894 q
2618 815 2712 894 16,
2763 811 2874 896 qui
2919 811 3282 896 sesqualter

746 913 948 978 totius
992 913 1313 998 reperitur
1358 937 1430 980 ac
1473 938 1591 999 per
1633 915 1757 981 hoc
1802 916 2104 1000 diapente
2147 919 2410 981 resonat
2454 937 2600 980 cum
2643 936 2686 978 a
2730 917 2836 1000 [q].
2893 930 2907 938 ”
2926 914 3168 980 Verum
3209 915 3280 980 in

746 1019 789 1081 h
832 1019 877 1082 d
920 1020 1348 1102 quantitatem
1404 1020 1619 1085 medio
1676 1041 1970 1086 secamus
2020 1019 2242 1084 littera
2284 1019 2329 1103 f
2377 1019 2730 1084 sectionem
2783 1019 3278 1106 configurantes.

750 1121 1073 1198 Quoniam
1118 1145 1157 1207 q
1185 1125 1266 1188 d1
1307 1144 1459 1188 vero
1512 1123 1589 1188 18
1639 1124 1878 1209 digitos
1921 1122 2163 1189 habere
2208 1127 2638 1189 monstratum
2683 1127 2801 1206 est,
2856 1125 2934 1210 [q]
2973 1124 3050 1207 fl
3095 1124 3282 1208 quin-

749 1219 956 1295 decim
1017 1253 1157 1297 esse
1218 1231 1567 1318 digitorum
1624 1232 2069 1297 indubitanter
2120 1229 2584 1316 cognoscimus,
2627 1252 2808 1321 ,quos
2862 1231 2920 1295 si
2975 1231 3058 1296 ad
3101 1233 3180 1316 [q]
3237 1234 3284 1296 d

744 1337 1119 1420 referamus,
1186 1339 1695 1424 sesquiquintam
1759 1339 2208 1405 habitudinem
2274 1337 2894 1422 comprehendimus.
3006 1337 3279 1404 Excedit

748 1445 920 1509 enim
970 1450 1066 1514 18.
1131 1446 1209 1511 15
1254 1446 1555 1530 ternario,
1617 1447 1727 1530 qui
1772 1446 1997 1530 quinta
2055 1467 2205 1530 pars
2259 1445 2527 1511 minoris
2587 1450 2702 1511 est.
2796 1445 3034 1510 Verum
3095 1447 3150 1511 si
3196 1448 3277 1511 ad

745 1554 825 1636 [q]
877 1555 920 1617 h
950 1559 1373 1638 comparetur,
1421 1555 1492 1619 in
1523 1554 1974 1639 sesquiquarta
2006 1553 2352 1619 collatione
2385 1575 2527 1619 esse
2559 1553 3114 1638 deprehendimus.
3193 1554 3279 1621 Et

661 1712 665 1716 .
748 1684 826 1725 ex
868 1661 997 1726 ista
1042 1664 1541 1746 comparatione*
1584 1663 1842 1728 ditonus
1901 1663 2036 1728 sive
2082 1663 2343 1728 bitonus
2389 1663 2811 1730 consonantia
2853 1662 2986 1746 fit,3
3041 1686 3118 1729 ex
3162 1663 3279 1728 illa

744 1791 898 1834 vero
952 1769 1373 1835 semiditonus
1432 1770 1568 1835 sive
1621 1770 2136 1836 trihemitonium
2195 1770 2444 1855 species
2488 1776 2854 1864 generatur,
2871 1777 2897 1816 4
2951 1794 3144 1856 quam
3201 1795 3280 1837 ex

744 1881 901 1942 tono
946 1877 1237 1961 perfecto
1284 1883 1349 1943 et
1390 1877 1773 1962 imperfecto
1818 1882 2114 1944 constare
2160 1861 2576 1943 manifestum
2608 1882 2723 1944 est.
2803 1879 2990 1958 Quod
3021 1879 3078 1944 si
3110 1880 3278 1945 eius-

746 1985 893 2050 dem
937 1988 1017 2071 [q]
1068 1987 1113 2070 f
1146 1988 1229 2050 ad
1274 1989 1355 2073 [q]
1406 2008 1449 2050 a
1490 1987 1605 2051 fiat
1664 1986 2091 2070 comparatio,
2151 1985 2718 2070 supertripartiens
2777 1985 3034 2071 quintas
3091 2009 3277 2071 repe-

742 2093 908 2157 ritur
950 2093 1281 2160 habitudo.
1372 2094 1643 2160 Excedit
1690 2095 1861 2159 enim
1907 2095 1990 2160 24
2048 2115 2352 2158 numerus
2395 2116 2734 2159 numerum
2782 2095 3276 2179 quindenarium

742 2200 812 2264 in
855 2205 989 2266 tres
1020 2201 1275 2286 quintas
1306 2202 1557 2267 minimi
1588 2206 1824 2287 partes.
1917 2201 2016 2266 Ex
2059 2200 2180 2268 hac
2215 2203 2386 2266 enim
2416 2193 2762 2266 collatione
2795 2202 3096 2286 diapente
3131 2224 3279 2266 cum

743 2308 1089 2373 semitonio
1134 2309 1271 2374 sive
1314 2313 1497 2374 sexta
1541 2309 1753 2374 minor
1796 2314 1912 2374 aut
1955 2308 2156 2374 hexas
2201 2309 2414 2374 minor
2457 2308 2877 2374 consonantia
2921 2309 3270 2374 resonabit.

744 2415 934 2493 Quod
978 2415 1034 2479 si
1080 2415 1367 2480 eiusdem
1410 2417 1491 2501 [q]
1542 2418 1587 2501 f
1621 2418 1702 2481 ad
1748 2417 1885 2501 [q]l
1926 2416 2272 2482 fecerimus
2307 2415 2707 2499 relationem,
2759 2420 2902 2498 (pag.
2935 2420 3020 2500 80)
3054 2439 3279 2502 super-

741 2523 1202 2608 bipartientem
1243 2524 1415 2589 inter
1471 2546 1581 2588 eas
1634 2525 2036 2621 repperimus
2090 2523 2596 2609 proportionem.
2689 2523 3048 2608 Superatur
3102 2525 3276 2590 enim

740 2634 1129 2698 novenarius
1176 2655 1229 2696 a>
1260 2632 1682 2716 quindenario
1725 2654 1996 2698 numero
2041 2633 2316 2712 senario,
2367 2633 2477 2716 qui
2523 2655 2602 2698 ex
2647 2633 2896 2698 duabus
2940 2634 3277 2698 novenarii
3363 2635 3368 2642 ’

741 2741 1034 2825 partibus
1077 2741 1331 2827 integre
1379 2741 1727 2806 conficitur.
1821 2742 1957 2806 Ista
2003 2745 2220 2806 autem
2259 2739 2572 2806 habitudo
2618 2744 2866 2806 sextam
2912 2741 3047 2807 sive
3079 2740 3279 2807 hexa-

734 2849 887 2913 dem
932 2852 1110 2914 creat
1151 2849 1481 2914 maiorem.

915 2956 1023 3022 Sic
1066 2957 1269 3043 igitur
1313 2977 1536 3021 omnes
1580 2961 1855 3038 nostras,
1917 2956 2068 3040 quia
2119 2957 2420 3043 vulgares
2477 2961 2544 3020 et
2596 2978 2728 3021 non
2782 2955 3078 3021 difficiles
3123 2962 3277 3022 sunt

740 3064 1107 3145 fractioneS,
1164 3063 1508 3130 facillimas
1564 3063 1836 3128 fecimus
1894 3064 2261 3130 divisiones.
2355 3063 2603 3129 Guido
2664 3085 2816 3128 vero
2870 3085 2987 3147 per
3037 3086 3276 3129 novem

916 3249 935 3285 1
970 3245 1009 3298 h
1032 3247 1073 3300 k
1100 3245 1152 3299 d.
1568 3247 1591 3284 2
1624 3247 1654 3299 f
1669 3247 1707 3300 i.

912 3333 935 3370 3
968 3332 1097 3402 Vgl.
1136 3331 1449 3387 Franchini
1487 3330 1617 3387 Gaf
1622 3350 1657 3386 u
1670 3332 1759 3386 rii
1805 3333 1886 3386 De
1916 3333 2216 3387 harmonia
2249 3333 2590 3387 musicorum
2621 3318 3108 3386 instrumentorum
3141 3350 3276 3401 opus

740 3419 973 3484 (Milano
1009 3418 1179 3486 1518),
1212 3417 1311 3472 fol.
1338 3419 1406 3472 62
1422 3435 1483 3472 v:
1533 3419 1691 3474 Duae
1738 3419 1940 3487 itaque
1989 3418 2427 3487 sesquioctavae
2476 3418 2937 3487 sesquiquartam
2985 3418 3276 3473 excedunt

741 3522 811 3560 ea
845 3504 1245 3574 proportione,
1297 3522 1445 3572 quae
1493 3505 1559 3559 fit
1596 3523 1631 3560 a
1664 3521 1904 3560 numero
1938 3505 2005 3559 81
2043 3506 2117 3560 ad
2153 3504 2224 3558 80
2259 3546 2270 3558 .
2312 3546 2323 3558 .
2362 3546 2373 3557 .
2414 3545 2428 3557 .
2462 3504 2613 3560 Hinc
2646 3504 2794 3558 falso
2831 3503 3146 3559 arbitratus
3183 3508 3276 3560 est

738 3591 1173 3646 Bartholomeus
1222 3591 1416 3645 Ramis
1463 3591 1756 3662 Hispanus
1806 3591 1984 3646 tertio
2032 3591 2193 3648 tertii
2247 3593 2531 3646 tractatus
2587 3607 2722 3652 suae
2773 3590 3068 3660 practicae
3121 3591 3275 3647 circa

738 3678 935 3744 finem,
974 3677 1075 3745 qui
1109 3676 1406 3747 integrum
1444 3677 1629 3733 ditoni
1664 3678 2033 3733 intervallum
2079 3677 2142 3732 in
2179 3678 2531 3732 chordotono
2569 3676 3004 3746 sesquiquartae
3046 3677 3273 3732 indiffe-

738 3766 933 3818 renter
967 3762 1208 3818 ascribit
1245 3763 1607 3820 dimensioni.
1690 3761 1836 3820 Nam
1872 3768 1939 3819 ut
1972 3764 2271 3826 Jacobus
2309 3764 2527 3819 Faber
2559 3763 2768 3831 inquit,
2807 3763 3039 3822 ditonus
3077 3764 3274 3819 evenit

735 3850 892 3904 inter
911 3849 1342 3918 sesquitertiam
1368 3854 1428 3904 et
1452 3850 1915 3918 sesquiquartam
1931 3850 2411 3906 intermedius.—
2427 3849 2674 3904 Hierauf
2688 3851 3010 3919 entgegnet
3027 3848 3270 3920 Spataro

735 3936 799 3990 in
846 3936 1036 3992 seiner
1080 3937 1297 3991 Schrift
1328 3937 1535 3991 Emori
1565 3939 1628 3991 de
1662 3937 1987 4000 Frauchino
2019 3937 2254 4006 Gafmo
2289 3938 2362 3992 da
2395 3937 2555 4004 Lodi,
2595 3936 2709 3990 dass
2745 3935 2896 3990 nach
2930 3935 3127 3992 Ramis
3164 3954 3273 3991 nur

738 4022 800 4076 in
838 4022 943 4077 der
976 4023 1172 4078 Praxis
1209 4024 1296 4090 (in
1321 4024 1573 4092 practica
1608 4041 1758 4078 overo
1793 4024 1862 4078 in
1895 4025 1952 4078 la
1986 4023 2205 4077 Musica
2238 4024 2445 4077 usitata
2479 4029 2527 4077 et
2561 4022 2761 4090 activa)
2798 4022 2892 4076 die
2928 4021 3108 4092 grosse
3135 4022 3271 4078 Terz

739 4109 870 4163 dem
905 4108 1238 4164 Verbaltnis
1275 4109 1395 4162 425
1431 4097 1791 4180 entspreche,
1837 4109 2110 4165 wahrend
2147 4109 2231 4164 sie
2269 4109 2594 4178 speculativ
2627 4110 2737 4162 mit
2772 4109 2902 4163 dem
2936 4108 3270 4164 Verbaltnis

736 4196 926 4250 81:64
963 4195 1245 4266 begriffen
1283 4196 1488 4252 werde.
1562 4196 1693 4251 Und
1729 4197 1881 4251 noch
1917 4196 2130 4251 einmal
2174 4198 2383 4251 betont
2421 4212 2482 4250 er
2527 4199 2747 4266 spater:
2796 4197 2869 4250 da
2901 4195 3270 4250 Bar-tholomeo

738 4283 937 4336 Ramis
973 4301 1000 4336 e
1032 4288 1169 4336 stato
1204 4289 1429 4338 tractato
1463 4284 1529 4338 in
1545 4284 1796 4352 practica
1818 4285 1882 4337 de
1904 4283 2070 4352 quelli
2089 4283 2264 4351 spatii
2286 4284 2380 4336 che
2402 4300 2580 4336 uscmo
2605 4283 2650 4336 li
2670 4282 2992 4336 modulanti.
3029 4312 3099 4320 —
3135 4281 3270 4336 Man

738 4369 875 4424 sehe
902 4370 1049 4424 auch
1084 4369 1494 4425 Franciscus
1523 4369 1825 4438 Salinas,
1861 4371 1942 4424 De
1965 4370 2183 4424 ‘musica
2206 4369 2606 4436 (salmanticae
2633 4369 2800 4435 1577),
2826 4369 2926 4423 lib.
2946 4367 3048 4431 VI,
3076 4386 3132 4436 p.
3153 4368 3268 4420 224.

906 4458 930 4493 ⁴
967 4455 1093 4525 Vgl.
1136 4455 1483 4521 Gafurius,
1524 4474 1572 4510 a.
1609 4474 1657 4511 a.
1698 4456 1778 4524 0.,
1815 4455 1912 4510 fol.
1938 4453 2007 4509 63
2026 4473 2094 4509 r.:
2147 4455 2320 4510 Modo
2355 4471 2626 4510 numerus
2664 4455 2765 4508 162
2801 4455 2875 4510 ad
2911 4454 3015 4507 160
3051 4453 3268 4523 sesqui-

738 4541 1151 4611 octogesimam
1186 4543 1415 4611 perficit
1440 4542 1891 4612 proportionem,
1929 4559 2044 4611 qua
2068 4541 2472 4610 sesquiquinta
2494 4541 2792 4610 proportio
2817 4543 3019 4595 tonum
3043 4540 3271 4596 excedit
3303 4588 3309 4591 .

738 4645 868 4682 cum
917 4628 1249 4696 semitonio,
1300 4629 1453 4697 quod
1500 4631 1789 4698 repugnat
1836 4628 2115 4698 positioni
2157 4628 2352 4682 Ramis
2389 4627 2646 4698 Hispani
2694 4626 3096 4681 indifferenter
3142 4643 3269 4681 con·

738 4713 1024 4770 eludentis
1063 4717 1472 4772 semiditonum
1508 4715 1910 4784 sesquiquinto
1945 4715 2253 4771 intervallo
2289 4713 2666 4786 proportione
2703 4713 3025 4769 convenire.
