3592 5509
1822 323 2210 389 ...8.-

752 498 1056 584 quoniam
1126 520 1303 564 mese
1369 520 1504 563 non
1575 502 1714 563 erat
1781 497 1999 563 medio
2058 497 2205 562 loco
2272 497 2515 581 posita,
2587 518 2735 562 cum
2802 495 3297 581 quatuordecim

750 611 968 673 essent
1009 606 1210 685 nervi,
1269 605 1720 691 superadditus
1775 609 1877 671 est
1917 626 2179 689 nervus,
2236 605 2347 690 qui
2392 627 2431 669 a
2476 604 2743 671 Graecis
2799 603 3299 688 proslambano-

749 737 974 780 menos
1020 714 1124 781 vel
1168 714 1482 800 prosodos
1530 713 1779 795 dicitur,
1832 736 1871 777 a
1912 712 2155 779 nostris
2187 734 2340 779 vero
2386 712 2739 799 acquisitus
2781 711 2889 777 vel
2918 715 3293 795 assumptus

750 823 854 887 vel
900 844 1196 888 accessus
1239 825 1661 906 nuncupatur.

925 928 1212 995 Cuilibet
1244 930 1416 996 enim
1447 927 1861 995 tetrachordo
1909 929 1966 995 si
1994 934 2189 995 tonus
2236 933 2377 1012 (pag.
2415 933 2465 1013 τ)
2514 929 2803 1011 addatur,
2853 928 3101 1013 species
3148 925 3295 992 effi-

753 1038 935 1122 citur,
998 1060 1160 1123 quae
1217 1038 1539 1121 diapente,
1599 1038 1750 1122 quia
1794 1058 2025 1103 vocum
2078 1038 2361 1122 quinque
2421 1041 2537 1117 est,
2591 1042 2861 1103 vocatur
2904 1040 3017 1101 aut
3060 1039 3297 1119 penta-

754 1145 1084 1230 chordum,
1132 1147 1282 1231 quia
1329 1146 1712 1211 chordarum
1758 1145 2061 1230 quinque,
2108 1145 2597 1211 intervallorum
2645 1150 2940 1231 quatuor,
2985 1147 3295 1209 tonorum

749 1254 946 1318 trium
992 1276 1137 1318 cum
1182 1254 1526 1320 semitonio
1584 1258 1699 1335 est,
1756 1258 1831 1318 ut
1875 1275 1917 1319 a
1960 1276 2008 1319 e.
2102 1254 2232 1319 Sed
2278 1277 2319 1319 a
2372 1254 2673 1338 diapente
2732 1251 3077 1318 semitonio
3136 1251 3295 1315 sub-

749 1365 957 1427 tracto
1010 1361 1288 1429 tritonus
1347 1361 1652 1439 efficitur,
1709 1366 1784 1427 ut
1834 1362 1879 1445 f
1902 1352 1954 1442 ἡ.
2057 1362 2217 1427 Post
2267 1361 2573 1446 'diapente
2626 1361 2875 1446 priores
2934 1381 3137 1444 usque
3208 1358 3295 1423 ad

753 1470 1154 1537 diatessaron
1197 1469 1589 1554 replicantur
1633 1469 1756 1535 hoc
1800 1470 2022 1535 modo:
2072 1469 2375 1553 diapente
2422 1492 2567 1535 cum
2612 1468 2977 1552 semitonio,
3035 1472 3107 1533 ut
3150 1488 3192 1531 a
3232 1466 3289 1549 f,

757 1579 1057 1662 diapente
1106 1598 1251 1643 cum
1295 1581 1450 1641 tono
1505 1581 1578 1641 ut
1621 1598 1654 1641 c
1696 1578 1755 1654 h,
1808 1577 2109 1661 diapente
2163 1599 2310 1643 cum
2367 1576 2792 1643 semiditono¹
2837 1581 2911 1641 ut
2952 1598 2997 1641 a
3032 1597 3092 1660 9,
3154 1575 3299 1640 dia-

752 1691 946 1771 pente
1009 1708 1156 1751 cum
1223 1684 1446 1750 ditono
1512 1689 1586 1749 ut
1647 1706 1680 1749 c
1738 1676 1766 1762 Π
1819 1686 2151 1771 quadrum.
2272 1684 2403 1751 Sed
2473 1684 2774 1770 diapente
2852 1685 3075 1749 iuncta
3142 1705 3295 1749 cum

754 1795 1155 1859 diatessaron
1201 1792 1531 1877 componit
1575 1793 1885 1877 speciem,
1948 1774 2113 1878 quae
2159 1794 2471 1877 diapason
2516 1792 2767 1874 dicitur,
2816 1793 2988 1877 quod
3036 1796 3136 1858 est
3176 1813 3299 1875 per

754 1907 962 1968 totum
1017 1901 1121 1966 vel
1181 1902 1258 1966 de
1313 1904 1454 1966 toto
1511 1901 1740 1979 latine,
1805 1903 2110 1986 quoniam
2172 1901 2379 1967 omnis
2440 1906 2808 1983 concentus,
2873 1922 3067 1986 quam
3120 1922 3296 1984 sym-

756 2009 1063 2094 phoniam
1098 2008 1332 2075 Graeci
1364 2008 1600 2087 dicunt,
1652 2014 1718 2074 et
1749 2031 1972 2075 omnes
2019 2008 2392 2075 harmoniae
2425 2009 2827 2075 differentiae
2871 2000 3044 2074 in'tra
3086 2008 3295 2092 ipsam

756 2118 1183 2183 continentur.
1275 2118 1630 2200 Propterea
1676 2117 1758 2181 ab
1806 2116 2086 2201 antiquis
2132 2121 2307 2182 recte
2355 2117 2600 2183 dictum
2646 2121 2746 2182 est
2788 2121 2939 2201 post
2984 2115 3297 2200 diapason

755 2224 1242 2290 reiterationem
1303 2246 1558 2307 semper
1629 2245 1787 2289 esse.
1894 2224 2160 2309 Septem
2223 2230 2438 2290 autem
2499 2224 2889 2291 intermedia
2954 2224 3301 2289 discrimen

761 2333 1022 2416 aliquod
1066 2333 1338 2413 habent3
1387 2333 1556 2397 unde
1601 2332 1764 2397 illud
1812 2333 2139 2417 sapienter
2183 2355 2221 2397 a
2265 2331 2607 2419 Virgilio
2662 2332 2731 2397 in
2776 2332 2884 2397 VI.
2932 2332 3299 2397 Aeneidos²

755 2446 1040 2523 positum
1087 2445 1212 2505 est:

1315 2577 1428 2631 Nec
1460 2594 1576 2631 non
1615 2577 1896 2631 Threicius
1930 2579 2094 2648 lonya
2128 2596 2253 2632 cum
2286 2584 2421 2633 veste
2452 2580 2700 2633 sacerdos

1315 2662 1630 2733 Obloquitur
1663 2665 1915 2719 numeris
1949 2670 2148 2733 septem
2182 2664 2517 2719 discrimina
2539 2682 2742 2719 vocum.

935 2809 1180 2876 Octava
1223 2832 1388 2876 vero·
1439 2810 1667 2876 similis
1717 2816 1817 2876 est
1858 2810 2105 2895 primae
2126 2816 2179 2893 33
2234 2811 2381 2877 ideo
2431 2812 2867 2898 Gregorius
2930 2811 3307 2876 differentes

760 2919 1013 2984 litteras
1047 2923 1294 3003 septem
1329 2923 1395 2983 et
1421 2942 1554 2983 non
1594 2920 1869 3003 amplius
1921 2921 2155 3003 posuit,
2204 2920 2319 2985 sed
2359 2919 2619 2985 easdem
2663 2920 2903 3004 repetit
2945 2941 3019 2984 ac
3063 2920 3306 2984 iterum

760 3028 962 3111 ponit.
1071 3025 1393 3104 Quoniam
1453 3028 1625 3092 inter
1685 3029 1963 3111 primam
2024 3031 2089 3092 et
2147 3033 2441 3093 octavam
2492 3028 2774 3093 maxima
2828 3027 3307 3094 conformitatis

761 3135 1043 3200 affinitas
1090 3134 1574 3220 similitudoque
1619 3137 1959 3219 reperitur,
2008 3135 2169 3201 adeo
2200 3140 2273 3201 ut
2319 3135 2575 3201 differre
2607 3159 2739 3201 non
2785 3135 3147 3201 sentiantur
3174 3136 3307 3201 nisi

764 3265 966 3326 penes
1013 3242 1326 3307 acuminis
1370 3244 1838 3329 gravitatisque
1886 3243 2345 3322 diversitatem,
2393 3244 2541 3309 ideo
2590 3244 2901 3328 diapason
2945 3265 2988 3308 a
3023 3245 3066 3307 h
3111 3265 3305 3308 voca-

763 3352 957 3417 batur
1013 3352 1258 3436 graviS,
1323 3352 1438 3416 sed
1494 3352 1538 3415 h
1581 3373 1633 3435 p
1697 3354 1904 3416 acuta.
2009 3350 2139 3417 Sed
2186 3352 2429 3416 eisdem
2473 3349 2729 3434 litteris,
2797 3352 3029 3435 quibus
3085 3352 3306 3437 gravis

765 3458 1164 3543 signabatur,
1214 3462 1402 3523 acuta
1449 3480 1702 3544 quoque
1736 3459 2048 3543 diapason
2088 3460 2455 3525 notabatur.
2535 3458 2666 3525 Sed
2709 3460 3081 3539 notandum,
3133 3459 3307 3543 quod

766 3565 1089 3652 phthongi
1153 3565 1326 3631 inter
1387 3588 1456 3630 se
1511 3588 1670 3631 sono
1733 3566 1991 3651 quidem
2050 3571 2201 3631 sunt
2260 3567 2590 3651 aequaleS,
2662 3567 3021 3652 quantitate
3090 3570 3309 3631 autem

765 3674 1034 3760 figurae,
1105 3674 1455 3739 secundum
1524 3675 1695 3759 quod
1760 3674 1908 3758 plus
1973 3674 2265 3739 minusve
2328 3673 2666 3759 gravitatis
2723 3674 2993 3757 habent,
3058 3674 3310 3740 maiora

765 3782 1094 3848 minorave
1141 3783 1351 3866 spatia
1396 3782 1747 3848 continent.

940 3889 1084 3968 Quo
1140 3890 1238 3969 fit,
1303 3895 1378 3956 ut
1441 3893 1634 3955 tonus
1692 3911 1733 3953 a
1791 3891 1827 3954 b
1886 3890 2149 3974 duplum
2215 3890 2629 3955 intervallum
2683 3891 2923 3957 habeat
2982 3897 3139 3956 tono
3196 3883 3311 3973 hh

767 3999 1008 4083 quadro
1065 4002 1472 4081 comparatus
1532 4002 1599 4062 et
1651 4019 1684 4062 c
1730 3999 1776 4061 d
1837 3996 2137 4062 similiter
2201 3998 2282 4062 ad
2326 4000 2366 4062 Ic
2405 4000 2442 4062 l.
2529 3997 2614 4064 Et
2672 4000 2917 4083 pariter
2975 4000 3054 4064 de
3113 3999 3310 4063 semi-

770 4104 966 4177 toniis
1026 4106 1297 4189 aliisque
1356 4105 1710 4170 maioribus
1771 4106 2109 4188 speciebus
2169 4106 2537 4186 dicendum,
2603 4110 2678 4171 ut
2732 4108 2802 4171 in
2859 4107 3065 4193 figura
3124 4128 3313 4171 mon-

767 4217 1023 4278 stratur.
1145 4210 1234 4276 At
1302 4214 1604 4297 deinceps
1667 4235 1801 4279 non
1872 4212 1967 4277 ita
2023 4214 2419 4298 ponendum,
2488 4236 2570 4279 ne
2636 4214 3082 4280 inchoantium
3140 4215 3313 4280 offu-

771 4363 789 4368 *
798 4358 2889 4370 -——————-——-———————-———————————-——-—

944 4449 963 4485 1
998 4444 1321 4500 semitonio.

940 4533 962 4569 '2
997 4530 1142 4586 Vers
1179 4530 1283 4585 645
1300 4530 1338 4583 f.

940 4619 965 4657 3
998 4616 1200 4687 prima.
