3592 5509
1402 405 1826 470 —95—

1089 707 1575 790 capitulum
1639 708 2134 777 secundum.

748 895 839 966 In
894 919 1044 988 quo
1100 895 1461 968 medietas
1514 895 1950 966 harmonica
2003 895 2471 966 discernitur.

455 1061 909 1128 ARMONIGA
962 1083 1114 1126 vero
1169 1061 1483 1125 medietas
1540 1065 1662 1139 est,
1725 1083 1889 1144 quae
1941 1083 2150 1146 neque
2206 1061 2447 1126 eisdem
2500 1061 2879 1127 differentiis

496 1192 707 1254 neque
752 1169 972 1254 aequis
1018 1168 1543 1253 proportionibus
1590 1168 2020 1250 constituitur,
2067 1170 2185 1233 sed
2227 1168 2361 1250 illa,
2408 1169 2479 1232 in
2523 1192 2666 1254 qua,
2716 1170 2882 1235 sicut

346 1277 555 1342 maior
609 1299 912 1342 numerus
974 1277 1054 1342 ad
1113 1276 1449 1340 minimum
1508 1297 1577 1340 se
1638 1274 1855 1351 habet,
1921 1275 2013 1340 sic
2073 1275 2437 1341 differentia
2494 1276 2758 1341 maximi
2818 1282 2882 1342 et

348 1385 544 1450 medii
592 1389 816 1450 contra
848 1384 1281 1449 differentiam
1328 1383 1525 1448 medii
1571 1387 1764 1468 atque
1810 1383 2061 1447 minimi
2093 1389 2516 1468 comparatur,
2566 1391 2636 1449 ut
2682 1385 2749 1449 in
2780 1384 2880 1448 his

348 1493 639 1557 terminis
685 1491 744 1557 3.
793 1492 850 1556 4.
902 1493 958 1556 6.

517 1599 825 1665 Senarius
873 1599 1047 1664 enim
1095 1599 1574 1683 quaternarium
1620 1622 1735 1664 sua
1779 1599 1976 1663 tertia
2028 1605 2211 1683 parte
2258 1604 2520 1683 superat
2570 1600 2740 1664 idest
2784 1601 2884 1664 bi-

348 1707 553 1791 nario,
612 1707 1059 1792 quaternarius
1106 1728 1257 1771 vero
1302 1706 1656 1771 ternarium
1702 1729 1818 1770 sua
1874 1711 2100 1792 quarta
2144 1707 2315 1772 idest
2357 1730 2506 1786 un0,
2565 1730 2760 1792 quare
2816 1708 2885 1771 in

344 1814 447 1879 his
511 1838 721 1899 neque
792 1816 1017 1880 eadem
1078 1815 1411 1899 proportio
1474 1815 1898 1880 terminorum
1964 1815 2284 1899 reperitur
2348 1837 2558 1900 neque
2617 1815 2882 1902 eaedem

349 1924 750 1988 differentiae
803 1924 1238 1988 inveniuntur.
1338 1922 1457 1987 Est
1512 1927 1729 1987 autem
1784 1923 2324 2006 quemadmodum
2370 1925 2511 2007 (pag.
2550 1927 2634 2006 77)
2682 1923 2885 1987 maxi-

346 2054 490 2096 mus
535 2032 849 2096 terminus
896 2032 975 2095 ad
1006 2031 1344 2095 minimum
1390 2031 1481 2095 sic
1515 2030 1880 2095 differentia
1925 2030 2190 2094 maximi
2237 2035 2302 2094 et
2331 2030 2529 2095 medii
2575 2031 2654 2094 ad
2703 2031 2884 2095 diffe-

344 2132 863 2204 rentiam‘'medii
910 2143 1103 2223 atque
1148 2138 1477 2222 postremi.
1570 2138 1761 2202 Patet
1790 2137 1932 2221 hoc,
1987 2140 2290 2222 quoniam
2323 2138 2685 2203 differentia
2714 2138 2887 2203 inter

347 2247 632 2313 medium
679 2252 745 2312 et
772 2246 1111 2311 minimum
1141 2245 1356 2310 unitas
1404 2250 1502 2309 est
1549 2249 1613 2309 et
1643 2246 1843 2310 medii
1889 2245 1970 2308 ad
2014 2247 2326 2310 maiorem
2365 2246 2652 2310 binarius
2701 2247 2885 2310 diffe-

347 2357 624 2420 rentiam
668 2355 844 2420 facit.
935 2356 1110 2442 Ergo
1158 2355 1353 2440 dupla
1397 2355 1568 2418 inter
1615 2375 1724 2418 eos
1769 2355 2103 2437 proportio
2149 2353 2488 2438 reperitur,
2547 2376 2739 2437 quam
2783 2358 2885 2417 te-

347 2463 492 2526 nuit
534 2464 852 2528 maximus
905 2465 1076 2529 idest
1131 2463 1421 2529 senarius
1480 2462 1561 2526 ad
1619 2461 1958 2526 minimum
2011 2461 2181 2526 idest
2237 2461 2606 2526 ternarium.
2723 2463 2886 2526 Pro-

349 2571 593 2655 prietas
641 2576 859 2636 autem
902 2571 1093 2636 huius
1124 2570 1494 2636 medietatis
1540 2570 1864 2634 contraria
1912 2574 2009 2633 est
2049 2569 2494 2634 arithmeticae
2525 2569 2878 2634 medietati.

348 2679 427 2742 In
470 2679 585 2743 illa
632 2680 803 2744 enim
847 2681 915 2744 in
961 2680 1319 2744 minoribus
1364 2679 1657 2743 terminis
1702 2679 1914 2742 maior
1960 2682 2098 2742 erat
2140 2679 2474 2761 proportio
2523 2681 2588 2741 et
2631 2679 2700 2742 in
2743 2700 2880 2741 ma-

346 2786 597 2851 ioribus
642 2787 870 2869 minor,
918 2788 987 2852 in
1031 2786 1153 2852 hac
1184 2808 1337 2850 vero
1386 2809 1419 2850 e
1452 2790 1692 2867 contra,
1745 2785 2049 2869 quoniam
2091 2785 2160 2850 in
2190 2785 2543 2850 maioribus
2589 2784 2882 2849 terminis

360 2894 569 2960 maior
618 2897 954 2979 proportio
1012 2901 1077 2960 et
1130 2895 1199 2959 in
1252 2894 1609 2958 minoribus
1654 2895 1940 2958 numeris
2002 2894 2215 2958 minor
2266 2893 2579 2958 habitudo
2641 2894 2885 2977 reperi-

350 3007 477 3066 tur.
569 3002 784 3088 Atque
828 3003 975 3067 ideo
1024 3001 1429 3066 arithmetica
1481 3001 1796 3066 medietas
1857 3001 1915 3064 ei
1961 3001 2056 3064 rei
2100 3001 2399 3084 publicae
2456 3005 2879 3084 comparatur,

352 3133 517 3193 quae
562 3110 785 3194 paucis
830 3109 1094 3196 regitur.
1186 3109 1432 3173 Idcirco
1465 3108 1635 3192 quod
1678 3110 1746 3173 in
1777 3107 2134 3173 minoribus
2170 3109 2307 3172 eius
2351 3108 2646 3173 terminis
2677 3109 2886 3173 maior

346 3218 682 3301 proportio
729 3199 1102 3300 custoditur,
1166 3217 1561 3302 geometrica
1584 3215 2178 3299 'proportionalitas
2223 3215 2552 3299 popularis
2609 3217 2886 3299 quodam

351 3325 547 3390 modo
596 3329 720 3406 est,
779 3347 1057 3409 namque
1102 3325 1172 3388 in
1215 3323 1565 3388 maioribus
1609 3323 1713 3386 vel
1765 3323 1834 3387 in
1891 3324 2250 3388 minoribus
2275 3323 2553 3407 ‚aequali
2599 3324 2885 3388 omnium

348 3431 957 3517 proportionalitate
1013 3431 1420 3516 componitur
1478 3435 1542 3494 et
1600 3435 1697 3494 est
1750 3432 1922 3494 inter
1985 3452 2207 3495 omnes
2264 3431 2508 3515 paritas
2570 3418 2886 3515 quaedam

344 3541 737 3623 medietatiS,
807 3544 1122 3624 aequum1
1188 3540 1290 3603 ius
1347 3540 1417 3603 in
1471 3538 2000 3622 proportionibus
2055 3538 2469 3602 conservatis.
2573 3539 2885 3603 Musicam

345 3671 502 3713 vero
526 3649 877 3714 medietate
910 3649 1295 3732 optimatum
1319 3648 1539 3712 dicunt
1571 3669 1711 3712 esse
1742 3670 1882 3711 rem
1912 3646 2238 3731 publicam
2262 3686 2349 3696 —
2372 3647 2551 3713 rideo
2577 3686 2680 3730 -,
2716 3647 2887 3732 quod

346 3757 419 3820 in
466 3757 817 3822 maioribus
861 3757 1155 3821 terminis
1200 3757 1418 3820 maior·
1450 3755 2021 3840 proportionalitas
2065 3756 2407 3820 invenitur.

526 3864 739 3941 Quare
786 3865 950 3929 istae
996 3863 1637 3947 proportionalitates
1692 3865 1783 3928 sic
1832 3863 2195 3947 appellatae
2241 3868 2409 3947 sunt,
2467 3863 2595 3928 alia
2641 3864 2889 3929 scilicet

349 3972 781 4055 arithmetica,
809 3972 937 4037 alia
967 3973 1382 4058 geometrica,
1417 3971 1543 4035 alia
1574 3970 1967 4054 harmonica,
2001 3971 2166 4036 ratio
2200 3975 2315 4055 est,
2351 3972 2655 4055 quoniam
2680 3971 2880 4036 arith-

344 4081 585 4144 metica
632 4080 969 4164 dispositio
1017 4101 1255 4163 aequas
1301 4084 1553 4143 tantum
1598 4102 1715 4163 per
1746 4079 2144 4144 differentias
2191 4079 2421 4143 dividit
2468 4080 2880 4163 quantitates,

349 4187 749 4272 geometrica
792 4210 946 4252 vero
993 4188 1304 4251 terminos
1351 4209 1555 4271 aequa
1594 4186 2012 4270 proportione
2059 4186 2423 4272 coniungit3
2473 4186 2586 4250 sed
2631 4186 2888 4249 harmo-

344 4295 497 4360 nica
544 4296 625 4362 ad
670 4296 847 4359 aliud
890 4294 1191 4377 refertur,
1236 4296 1386 4379 quia
1430 4317 1639 4377 neque
1686 4294 1895 4358 solum
1939 4295 2009 4358 in
2052 4294 2345 4359 terminis
2379 4293 2885 4376 speculationem

344 4401 787 4487 proportionis
832 4401 1032 4466 habet
1075 4423 1283 4486 neque
1329 4401 1538 4465 solum
1582 4401 1651 4465 in
1684 4401 2084 4483 differentiis,
2133 4402 2248 4466 sed
2290 4402 2359 4465 in
2390 4401 2680 4486 utrisque
2714 4421 2886 4465 com-

342 4510 646 4576 muniter.
741 4510 1036 4593 Ipsarum
1083 4509 1253 4574 enim
1298 4509 1685 4572 musicarum
1732 4510 2318 4591 consonantiarum,
2369 4531 2526 4592 quas
2583 4507 2886 4593 sympho-
2955 4583 2963 4596 ¹

527 4692 545 4728 1
580 4689 902 4759 aequivum.
