3592 5509
1235 404 1664 468 ..11-

958 619 1447 702 capitulum
1509 621 1937 702 quartum.

154 737 500 854 Figurae
538 755 1056 848 praecedentis
1110 757 1206 826 ad
1259 741 1477 826 usum
1520 763 1925 856 cantorum·
1947 753 2239 826 subtilis
2285 716 2715 849 applicatioss

162 903 508 1041 OMNES
536 905 832 989 :quidem
899 903 1018 968 has
1077 903 1330 968 litteras
1385 904 1617 990 viginti
1677 903 1953 986 Guid0‚
2020 904 2375 969 monachus
2442 903 2716 969 fortasse

97 1045 102 1106 3
267 1011 503 1076 melior
547 1033 739 1097 quam
767 1013 1068 1094 musicus,
1116 1010 1529 1077 tetrachordo
1575 1016 1780 1096 utens,
1834 1013 1984 1076 dum
2022 1011 2501 1077 hexachordum
2529 1033 2721 1076 com-

98 1111 102 1172 ἱ
154 1119 382 1204 ponit,
441 1119 774 1204 amplexus
829 1123 945 1184 est.
997 1119 1123 1184 ·Et
1185 1120 1267 1184 ad
1324 1118 1695 1184 huiusmodi
1746 1119 2228 1186 hexachordum
2282 1119 2406 1185 hac
2466 1119 2718 1184 ratione

160 1227 547 1310 compulsus
596 1232 711 1306 est,
761 1228 1065 1312 quoniam
1111 1227 1402 1292 senarius
1448 1249 1754 1292 numerus
1802 1251 1841 1292 a
1868 1227 2347 1293 mathematicis
2368 1233 2373 1239 ’
2392 1227 2718 1311 perfectus

97 1412 103 1424 Ρ
172 1335 438 1418 dicitur,
505 1337 655 1420 quia
708 1339 928 1420 partes
975 1337 1114 1400 eius
1161 1335 1490 1421 aliquotae
1547 1335 1738 1400 simul
1783 1341 2079 1420 sumptae
2131 1336 2342 1420 ipsum
2394 1335 2719 1400 senarium

97 1463 104 1524 ξ
168 1443 377 1507 simul
423 1443 841 1526 constituunt,
905 1443 1158 1509 scilicet
1213 1443 1270 1508 1.
1319 1443 1378 1507 2.
1439 1443 1498 1523 3,
1564 1466 1725 1528 quae
1773 1443 1968 1508 simul
2024 1467 2136 1508 sex
2182 1448 2593 1528 componun&
2654 1447 2720 1507 et

98 1531 100 1540 ¹
166 1550 513 1634 quaelibet
541 1549 733 1615 huius
763 1551 1158 1617 hexachordi
1190 1551 1430 1616 chorda
1462 1575 1499 1616 a
1529 1573 1644 1616 sex
1671 1551 1897 1635 primis
1930 1552 2196 1636 syllabis
2226 1574 2340 1616 sex
2366 1553 2719 1618 dictionum

164 1659 327 1744 (pag.
361 1663 452 1741 110)
517 1658 741 1742 hymni
795 1659 1003 1724 sancti
1047 1658 1364 1724 Johan'nis
1408 1659 1742 1742 Baptistae
1796 1681 2035 1724 nomen
2102 1661 2376 1744 accepit,
2440 1659 2719 1724 scilicet:

347 1776 440 1830 Ut
485 1773 726 1851 queant
768 1768 952 1832 laxis.
1043 1772 1372 1832 Resonare
1417 1766 1614 1832 fibris.
1710 1807 1715 1813 ·
2252 1803 2255 1806 ⁴

347 1882 520 1939 Mira
563 1875 926 1961 gestorum.'
974 1875 1232 1939 Famuli
1276 1878 1554 1945 tuorum.

339 1994 541 2047 Solve
586 1983 838 2067 polluti.
931 1983 1124 2048 Labii
1168 1987 1437 2048 reatum.

350 2091 587 2166 Sancte
633 2091 982 2157 Johannes.
1037 2147 1042 2152 .

353 2199 542 2266 Unde
573 2201 629 2264 si
652 2205 826 2264 recte
849 2205 1006 2284 post·
1023 2200 1381 2285 quemlibet
1395 2201 2003 2284 punctum-primam
2026 2198 2342 2283 syllabam
2362 2197 2507 2282 insp
2516 2198 2721 2262 exeri-

166 2329 337 2392 mus,
383 2307 505 2372 has
548 2330 764 2376 voces-
789 2329 904 2372 sex
949 2307 1390 2372 extrahe-mus:
1437 2313 1530 2391 ut,
1577 2329 1662 2388 re,
1710 2309 1824 2391 mi,
1870 2309 1964 2392 fa,
1996 2309 2103 2390 sol,
2134 2308 2232 2394 „la,·
2280 2311 2346 2371 et
2389 2328 2720 2394 unaquae-

171 2440 302 2502 que
361 2439 401 2480 a
465 2417 592 2482 sibi
649 2415 1013 2500 propinqua
1069 2416 1369 2483 omnibus
1431 2415 1720 2480 seriatim
1775 2415 2009 2500 positis
2066 2438 2185 2500 per
2239 2420 2467 2480 tonum
2523 2415 2719 2479 distat

173 2529 442 2610 praeter
471 2526 563 2609 fa,
601 2525 772 2609 quod
803 2548 842 2589 a
871 2526 969 2588 mi
995 2547 1113 2608 per
1145 2523 1476 2590 semitonii
1507 2525 1790 2608 spatium
1821 2524 2109 2588 discedit.
2154 2579 2159 2582 .
2205 2523 2493 2588 Habebit
2520 2522 2717 2608 igitur

175 2635 340 2699 duos
371 2637 563 2700 tonos
597 2633 715 2697 sub
763 2655 832 2698 se
868 2632 1154 2716 duosque
1187 2629 1401 2715 supra.
1454 2631 1542 2696 Et
1571 2653 1716 2696 cum
1746 2631 1955 2715 prima
1982 2630 2205 2696 littera
2229 2652 2288 2714 9,
2339 2653 2503 2714 quae
2539 2635 2597 2694 Γ
2626 2631 2719 2695 di-

177 2742 364 2826 citur,
413 2747 496 2806 ut
535 2740 786 2826 syllaba
828 2741 1042 2824 posita
1086 2740 1160 2804 fit
1207 2744 1440 2822 totum,
1492 2741 1663 2824 quod
1703 2738 1771 2803 T
1806 2745 1885 2804 ut
1924 2743 2357 2822 nuncupatur3
2418 2743 2601 2804 etex
2623 2760 2665 2801 a
2696 2743 2717 2782 1

175 2850 400 2914 littera
446 2853 513 2914 et
553 2871 624 2914 re
668 2849 918 2935 syllaba
961 2849 1051 2930 fit,
1103 2849 1275 2933 quod
1322 2848 1556 2912 dicitur
1599 2869 1642 2912 a
1683 2867 1770 2912 re.
1850 2847 2167 2912 Similiter
2212 2869 2309 2912 ex.
2337 2848 2372 2911 b
2402 2845 2623 2912 littera
2656 2851 2722 2912 et

177 2959 277 3021 mi
319 2954 572 3042 syllaba
616 2959 652 3021 b
696 2958 810 3042 mi,
835 2978 840 2983 ·
861 2979 939 3022 ex
983 2978 1016 3022 c
1059 2957 1304 3021 littera.
1327 2961 1392 3021 et
1435 2957 1512 3040 fa
1555 2955 1806 3039 syllaba
1848 2977 1882 3019 ο
1923 2956 2015 3040 fa,
2068 2977 2144 3020 ex
2188 2957 2233 3019 d
2276 2959 2342 3020 et
2384 2957 2477 3019 sol
2519 2957 2564 3019 d
2603 2957 2715 3038 sol,

183 3089 262 3131 ex
305 3088 336 3129 e
385 3070 450 3131 et
493 3063 579 3130 la'
601 3088 632 3130 e
674 3067 753 3130 la.
832 3064 918 3130 Et
956 3069 1029 3129 ut
1057 3063 1324 3129 Boetii
1359 3063 1716 3142 doctrinam
1744 3063 2127 3146 imitaretur,
2179 3086 2343 3148 quae
2373 3085 2492 3148 per
2518 3067 2719 3128 tetra-

182 3175 422 3239 chorda
466 3178 675 3240 totam
721 3173 951 3238 dividit
994 3171 1422 3252 harmoniam,
1485 3193 1630 3236 cum
1685 3172 1766 3236 ad
1823 3175 2143 3257 quartum.
2166 3171 2381 3236 locum
2425 3171 2721 3256 pervenit

183 3282 487 3348 videlicet
553 3305 586 3346 e
650 3283 742 3366 fa,
811 3281 1048 3346 iterum
1106 3278 1586 3346 hexachordum
1646 3280 1831 3365 quasi
1884 3279 2243 3366 propagine
2310 3279 2482 3345 facta
2546 3279 2720 3344 aliud

98 3379 100 3436 ἷ
183 3391 439 3456 emittit.
533 3390 603 3455 Si
651 3394 868 3454 autem
914 3411 1058 3454 cum
1102 3411 1136 3454 c
1178 3389 1254 3472 fa
1297 3394 1377 3453 ut
1401 3388 1653 3472 syllaba
1691 3392 1986 3471 ponatur,
2034 3391 2247 3452 totum
2290 3388 2719 3472 compositum

98 3521 102 3564 ¹.
179 3521 213 3564 c
245 3501 438 3584 ‚fa-ut
481 3497 844 3581 appellatur
891 3501 956 3562 et
1001 3498 1416 3562 continuatur
1469 3518 1614 3561 cum
1667 3498 1712 3560 d
1730 3498 1921 3560 sol-re
1967 3499 2033 3560 et
2077 3517 2221 3560 cum
2266 3517 2298 3560 e
2340 3497 2549 3579 la-mz}
2605 3497 2717 3560 ubi

180 3608 457 3690 primum
503 3605 723 3670 finitur
765 3604 1264 3669 hexachordum.
1333 3604 1491 3691 ,Sed
1537 3624 1683 3668 cum
1729 3625 1809 3668 ex
1851 3603 2089 3668 litteris
2133 3604 2178 3687 f
2197 3608 2521 3688 sequatur,
2572 3624 2717 3668 cum

97 3709 102 3802 ᾗ
181 3716 256 3799 fa
299 3712 732 3780 tetrachordi2
779 3713 1045 3778 secundi
1100 3713 1351 3796 syllaba
1394 3719 1475 3777 ut
1513 3713 1750 3776 iterum
1795 3710 2170 3794 collocatur,
2221 3734 2383 3797 quae
2432 3712 2714 3790 secundi,

355 3913 373 3948 ¹
407 3907 603 3962 Ramis
640 3907 885 3962 braucht
917 3906 1113 3976 haufig
1147 3899 1341 3960 kleine
1365 3897 1853 3960 ¹'I'onbuchstaben
1891 3905 2040 3960 ohne
2078 3897 2411 3974 Beziehung
2453 3905 2561 3960 auf
2590 3905 2719 3961 eine

179 3995 511 4050 bestimmte
547 3993 786 4048 Oktave.
859 3993 990 4046 Ihre
1025 3992 1177 4062 Lago
1215 3991 1360 4046 wird
1398 3994 1516 4046 erst
1545 3991 1853 4064 ‘bestimmt
1888 3991 2069 4044 durch
2106 3990 2198 4045 die
2235 3990 2720 4047 hinzutretenden

181 4080 824 4136 Solmisations-Silben.
881 4079 986 4135 Die
1023 4078 1206 4133 altere
1245 4078 1371 4132 Zoit
1406 4077 1704 4151 zeichnete
1743 4077 1837 4132 die
1874 4077 2358 4132 Tonbuchstaben
2397 4078 2499 4132 der
2528 4096 2718 4146 yraves

178 4167 288 4221 mit
312 4167 528 4236 grossen
555 4167 684 4232 (A—
699 4166 778 4233 G),
819 4168 920 4221 der
955 4171 1144 4221 acutae
1178 4165 1288 4219 mit
1322 4164 1559 4219 kleinen
1589 4167 1756 4234 (ιι-9)
1796 4164 1916 4217 und
1944 4161 2045 4218 der
2067 4169 2421 4232 superacutae
2444 4164 2553 4218 mit
2580 4165 2720 4234 dop-

178 4261 379 4332 pelten
423 4261 659 4315 kleinen
696 4262 1063 4316 Buchstaben
1102 4245 1277 4344 (Z—ss)
1318 4259 1438 4327 auf3
1487 4259 1596 4314 mit
1639 4259 1821 4314 ihnen
1869 4259 2201 4314 verbanden
2250 4258 2374 4314 sich
2425 4260 2577 4313 dann
2624 4258 2717 4312 die

181 4355 825 4410 Solmisations-Silben.
896 4357 964 4409 In
1002 4356 1104 4409 der
1138 4354 1454 4424 folgenden
1490 4355 1668 4425 Figur
1704 4352 1838 4409 sind
1872 4353 1953 4408 im
1976 4353 2172 4408 Druck
2206 4353 2385 4425 grosse
2421 4351 2721 4408 Tonbuch-

179 4443 384 4497 staben
419 4442 768 4496 verwendet.
1319 4491 1326 4496 ,
2320 4435 2327 4443 ’

351 4529 374 4566 2
408 4527 906 4598 Moglicherweise
940 4528 1090 4598 liegt
1122 4527 1251 4582 hier
1287 4527 1416 4582 eine
1441 4526 1899 4598 Verwechslung
1932 4528 2043 4582 mit
2073 4527 2403 4582 hexachordi
2430 4543 2547 4594 vor,
2584 4525 2719 4579 wie-

182 4614 333 4669 wohl
370 4614 495 4668 sich
529 4615 860 4670 tetrachordi
892 4632 995 4670 aus
1035 4616 1166 4669 dem
1191 4613 1448 4670 Hinweis
1486 4613 1592 4668 auf
1623 4614 1717 4668 die
1742 4613 2255 4669 Tetrachordlehre
2292 4613 2392 4666 des
2430 4610 2715 4666 Boetius

185 4701 445 4755 erklaren
483 4699 623 4756 lasst.
