3592 5509
1813 397 2244 462 -96-

759 569 901 633 nias
946 569 1303 652 nominant,
1350 569 1803 653 proportiones
1847 571 1916 634 in
1949 570 2068 635 hac
2098 593 2302 654 paene
2351 571 2492 636 sola
2535 572 2885 638 medietate
2927 573 3302 658 frequenter

757 677 1066 741 invenies.
1160 678 1311 761 Ipsa
1360 677 1531 740 enim
1577 676 1960 762 symphonia
2006 678 2409 744 diatessaron
2460 680 2530 744 in
2577 680 2836 765 epitrita
2880 683 3298 766 proportione

759 784 1056 849 consistit
1098 789 1172 849 ut
1227 789 1325 849 est
1369 785 1410 847 4
1458 786 1537 849 ad
1594 784 1652 864 3,
1714 785 2016 868 diapente
2064 787 2488 852 consonantia
2545 787 2614 852 in
2666 787 2974 854 hemiolia
3030 813 3298 874 propor-

760 889 937 954 tione
983 893 1057 952 ut
1102 888 1141 951 6
1174 888 1255 952 ad
1286 888 1345 952 4.
1436 889 1525 954 At
1568 889 1709 973 ipsa
1756 890 2044 953 omnium
2075 891 2420 957 concordia
2452 891 2763 976 diapason
2807 893 2876 957 in
2909 891 3102 978 dupla
3149 916 3300 959 con-

758 996 931 1060 sistit
974 1000 1046 1060 ut
1090 996 1131 1059 6
1178 997 1257 1061 ad
1305 995 1363 1060 3.
1457 997 1532 1061 In
1578 996 1699 1061 hac
1742 997 1946 1084 igitur
1988 999 2339 1064 medietate
2395 999 2513 1064 has
2567 1005 2701 1065 tres
2747 1001 3072 1085 simplices
3128 1024 3298 1086 sym-

755 1103 1029 1187 phonias
1074 1105 1497 1169 terminorum
1542 1106 2024 1189 comparatione
2069 1107 2442 1190 reperimus,
2540 1107 2726 1184 Quod
2772 1109 2830 1173 si
2875 1110 2956 1174 ad
2999 1110 3299 1178 differen-

758 1211 883 1276 tias
942 1212 1366 1276 terminorum
1426 1213 1825 1296 comparatio
1883 1212 2013 1294 fiat,
2087 1213 2246 1278 alias
2307 1214 2723 1300 symphonias
2779 1239 2914 1281 non
2972 1217 3295 1300 simplices

758 1320 1260 1404 procreabimus,
1332 1323 1421 1403 ut,
1494 1321 1549 1383 si
1615 1320 1866 1384 minimi
1943 1322 2024 1385 ad
2084 1321 2517 1387 differentiam
2572 1323 2755 1407 ¹inter
2827 1325 3165 1389 minimum
3233 1331 3298 1391 et

756 1428 1041 1491 medium
1082 1427 1197 1492 fiat
1239 1427 1572 1510 habitudo,
1622 1429 1886 1511 triplam
1932 1429 2253 1494 custodiet
2296 1431 2804 1514 proportionem,
2865 1454 2943 1496 ex
2988 1454 3113 1516 qua
3160 1434 3298 1497 dia-

754 1557 957 1619 pason
995 1539 1071 1610 ,et
1116 1535 1418 1618 diapente
1466 1536 1891 1600 consonantia
1935 1537 2342 1602 redundabit.
2437 1537 2568 1602 Sed
2620 1539 2677 1602 si
2729 1539 2928 1604 medii
2985 1541 3067 1604 ad
3113 1540 3296 1605 diffe-

756 1643 1033 1707 rentiam
1077 1641 1249 1706 inter
1290 1641 1504 1726 ipsum
1552 1647 1617 1706 et
1661 1643 1998 1708 minimum
2043 1643 2388 1709 fecerimus
2419 1644 2820 1728 relationem,
2873 1648 3296 1732 quadruplam

753 1751 1241 1834 proportionem
1292 1752 1715 1835 reperiemuS,
1772 1773 1936 1836 quae
1990 1751 2410 1837 bisdiapason
2465 1755 2888 1820 consonantia
2941 1757 3291 1821 resonabit.

757 1857 945 1936 Quod
990 1859 1045 1922 si
1088 1858 1262 1922 idem
1305 1859 1557 1923 numeri
1610 1859 1863 1924 binario
1912 1861 2241 1944 ducantur,
2289 1865 2363 1924 ut
2410 1863 2550 1945 (pag.
2584 1863 2669 1946 78)
2719 1861 3080 1926 efficiantur
3125 1862 3182 1926 6.
3234 1863 3290 1926 8.

760 1965 858 2048 12,
916 1966 1181 2030 eaedem
1227 1968 1687 2032 consonantiae
1741 1969 2113 2033 manebunt.
2210 1968 2340 2034 Sed
2396 1970 2568 2034 inter
2613 1968 2671 2032 8.
2724 1968 2805 2032 12
2857 1974 3076 2054 potest
3131 1970 3295 2035 alius

753 2095 1059 2138 numerus
1103 2073 1419 2157 interseri,
1472 2077 1580 2160 qui
1628 2076 1708 2139 ad
1755 2081 2040 2141 extrema
2087 2081 2494 2160 comparatus
2543 2100 2650 2142 eas
2715 2099 2874 2162 quas
2933 2079 3147 2143 tenuit
3192 2101 3298 2144 oc-

753 2180 1042 2244 tonarius
1097 2183 1548 2272 proportiones
1596 2183 2022 2267 conservabit,
2083 2185 2405 2250 contrario
2451 2188 2672 2250 tamen
2717 2185 2930 2270 mod0,
2993 2186 3145 2269 quia
3189 2186 3295 2252 hic

755 2289 1002 2352 scilicet
1046 2290 1432 2353 novenarius
1482 2291 1563 2354 ad
1608 2313 1874 2376 gravem
1917 2297 2170 2375 partem
2203 2292 2604 2357 diatessaron
2654 2298 2720 2357 et
2750 2293 2832 2358 ad
2864 2297 3120 2358 acutam
3165 2315 3298 2358 ser-

753 2387 863 2460 vat
910 2397 1228 2480 diapente,
1280 2402 1427 2462 octo
1474 2420 1629 2462 vero
1683 2422 1801 2483 per
1845 2401 2254 2464 contrarium.
2348 2400 2450 2464 Ad
2505 2422 2574 2464 se
2628 2401 2906 2465 invicem
2961 2423 3114 2466 vero
3162 2422 3298 2465 ses-

756 2505 1163 2588 quioctavam
1220 2505 1591 2570 custodiunt
1647 2508 2150 2590 proportionem,
2215 2531 2293 2572 ex
2354 2531 2480 2592 qua
2536 2509 2787 2592 species
2838 2504 3006 2593 'quae
3062 2509 3298 2574 dicitur

751 2617 943 2676 tonus
1010 2614 1344 2678 redundat.
1451 2613 1629 2678 Haec
1686 2615 1857 2678 enim
1911 2615 2160 2698 species
2221 2621 2319 2680 est
2375 2637 2672 2680 excessus
2736 2617 3038 2701 diapente
3101 2640 3296 2701 supra

755 2720 1173 2784 diatessaron.
1269 2720 1339 2784 Si
1387 2725 1603 2785 autem
1660 2721 1701 2784 9
1749 2727 1815 2787 et
1867 2722 1907 2785 8
1952 2723 2206 2788 binario
2266 2725 2588 2806 ducamus,
2646 2723 3030 2790 habebimus
3091 2725 3170 2789 18
3231 2730 3298 2790 et

757 2827 854 2910 16,
907 2850 1066 2913 quos
1110 2829 1179 2892 in
1213 2829 1659 2913 sesquioctava
1701 2831 2120 2914 proportione
2169 2827 2308 2896 esse
2343 2833 2807 2917 cognoscimus.
2900 2834 3081 2898 Inter
3113 2856 3292 2918 quoS,

690 3018 693 3021 Ι
752 2939 826 2998 ut
882 2935 973 3000 ait
1034 2936 1355 3000 Boetius
1378 2942 1415 3018 1,
1476 2938 1725 3002 medius
1786 2961 2091 3002 numerus
2151 2939 2506 3004 collocatur
2565 2940 2813 3004 scilicet
2871 2940 2970 3022 17,
3044 2943 3154 3026 qui
3214 2942 3298 3005 ad

758 3043 1071 3107 maiorem
1117 3049 1525 3130 comparatus
1582 3047 1997 3111 semitonium
2056 3047 2270 3111 reddit
2313 3049 2545 3127 minus,
2608 3049 2688 3112 ad
2746 3035 3084 3112 minimum
3139 3070 3296 3113 vero

752 3152 977 3214 maius.
1070 3151 1276 3216 Maior
1339 3153 1509 3216 enim
1565 3154 1900 3236 proportio
1961 3158 2059 3218 est
2119 3155 2626 3238 sesquidecimae
2687 3161 2906 3220 sextae
2963 3157 3298 3240 sesquide-

754 3257 957 3322 cimae
1006 3259 1317 3342 septimae
1351 3259 1715 3325 collatione.
1811 3259 2148 3338 Quomodo
2197 3267 2413 3327 autem
2444 3263 2858 3348 symphonias
2909 3287 2985 3328 ex
3023 3287 3296 3349 propor-

752 3365 1037 3431 tionibus
1083 3368 1441 3432 redundare
1483 3367 1943 3455 intelligamus,
1993 3375 2259 3454 propter
2303 3393 2505 3435 novos
2553 3376 2848 3436 cantores
2879 3371 3112 3436 liceat2
3155 3395 3296 3436 rur-

756 3496 863 3538 sus
910 3474 1145 3538 clarius
1193 3476 1531 3541 discutere.

1561 3795 2047 3878 capitulum
2099 3799 2474 3866 tertium.

803 3980 894 4050 In
950 4004 1098 4073 quo
1153 3981 1550 4074 primariae
1600 3983 2093 4098 mthordi
2150 3983 2555 4055 divisiones
2610 3987 2704 4056 ad
2756 4009 3240 4058 numerorum

1576 4104 1903 4176 rationes
1959 4103 2456 4198 applicantur.

748 4266 865 4400 IN
908 4269 1118 4351 prima
1162 4269 1584 4334 monochordi
1626 4271 1834 4336 nostri
1878 4271 2192 4355 regularis
2241 4271 2555 4337 divisione
2600 4273 2952 4338 Boetium
3003 4273 3291 4345 numeris

850 4379 915 4439 et
952 4398 1255 4441 mensura
1287 4399 1473 4441 suum
1517 4377 2024 4443 monochordum
2068 4380 2366 4465 regulare
2414 4379 2741 4445 subtiliter
2786 4381 3081 4446 divisisse
3129 4381 3294 4445 dixi-

749 4503 909 4572 mus.
1000 4483 1138 4548 Nos
1169 4506 1323 4550 vero
1353 4490 1620 4569 propter
1649 4508 1852 4550 novos
1891 4508 2009 4570 per
2039 4487 2412 4552 continuam
2453 4489 2884 4571 quantitatem
2914 4487 3294 4574 vulgaribus

924 4684 944 4720 ¹
978 4682 1121 4736 Inst.
1160 4683 1305 4736 Mus.
1344 4683 1388 4751 I,
1420 4692 1480 4738 16
1520 4685 1624 4750 (ed.
1663 4684 1972 4754 Friedlein,
2007 4703 2062 4755 p.
2089 4685 2206 4754 202,
2238 4695 2297 4740 17
2319 4686 2411 4753 ff.).
2831 4687 2854 4718 2
2887 4687 3045 4742 licet.
