3592 5509
1809 385 2242 449 -84—

918 557 1287 642 Aliquando
1334 563 1553 623 autem
1600 563 1870 643 propter
1899 562 2126 623 cantus
2154 558 2425 623 vnimiam
2459 559 2954 624 diminutionem
2994 565 3289 626 cantores

743 687 1137 748 mensuram,
1188 688 1353 750 quae
1398 667 1467 730 in
1512 667 1697 731 brevi
1743 670 1885 731 erat
1930 667 2356 750 observanda,
2401 672 2651 751 ponunt
2693 668 2761 731 in
2809 668 3174 745 semibrevi,
3227 672 3292 734 et

745 773 799 838 si
847 778 985 838 erat
1040 774 1109 838 in
1165 773 1511 838 semibrevi
1569 775 1868 856 tenenda,
1929 773 2332 839 transferunt
2384 775 2566 839 illam
2618 776 2688 840 in
2733 777 3002 840 minima
3044 776 3284 860 taliter,

746 882 917 966 quod
973 882 1105 946 iam
1159 904 1277 967 pro
1331 877 1570 950 maiori.
1617 886 1824 966 parte·
1859 904 2082 947 omnes
2136 886 2366 948 tenent
2411 887 2476 946 et
2519 883 2812 949 scribunt
2853 885 2922 948 in
2969 886 3290 968 composi-

741 990 920 1055 tione
966 1012 1084 1074 pro
1129 989 1254 1054 hoc
1300 991 1490 1076 signo
1526 997 1583 1054 Θ
1618 989 1723 1054 vel
1766 989 1893 1055 hoc
1931 996 2010 1073 G,
2054 991 2226 1074 quod
2269 1012 2609 1055 mensurae
2639 991 2892 1056 morula
2918 991 2988 1056 in
3018 992 3288 1056 minima

743 1102 1047 1163 teneatur
1090 1100 1367 1184 integra.
1460 1097 1547 1162 Et
1592 1098 1647 1162 si
1690 1098 1760 1162 in
1789 1102 2016 1163 tenore
2049 1099 2307 1184 signum
2340 1098 2664 1164 diversum
2697 1100 2778 1164 ab
2813 1099 2956 1164 aliis
2987 1105 3285 1183 ponatur,

740 1211 814 1270 ut
886 1207 941 1270 si
993 1213 1049 1272 Q>
1082 1207 1155 1292 (Ὗ)
1214 1205 1284 1270 in
1349 1210 1576 1270 tenore
1636 1210 1701 1270 et
1754 1205 1881 1270 hoc
1932 1211 1988 1269 O
2045 1205 2116 1269 in
2171 1205 2343 1289 aliis,
2403 1206 2670 1270 minima
2721 1207 2967 1271 tenoris
3028 1212 3285 1272 tantum
3385 1252 3389 1258 -

739 1315 933 1398 valet,
997 1319 1307 1399 quantum
1370 1313 1643 1379 aliarum
1699 1314 1877 1379 valet
1930 1313 2331 1396 semibreviS,
2380 1315 2532 1398 quia
2575 1314 2893 1379 morulam
2936 1315 3281 1401 integram,

660 1438 675 1453 ⁸
742 1428 807 1488 et
852 1423 907 1486 si
950 1423 1019 1487 in
1068 1422 1210 1487 aliis
1254 1423 1429 1487 istud
1480 1429 1535 1485 O
1565 1421 1611 1490 2
1640 1426 1936 1506 ponatur,
1989 1426 2298 1506 quantum
2343 1421 2630 1486 brevis*.
2721 1423 2807 1487 Et
2849 1407 3046 1488 i'stud'
3070 1429 3287 1493 servat
3349 1430 3362 1440 ’

744 1529 1202 1616 Okeghem1,
1260 1530 1624 1612 BusnoiS,
1684 1529 1944 1613 Dufay
2003 1534 2068 1595 et
2133 1529 2534 1595 Johannes
2595 1528 3000 1595 de-Monte-
3054 1521 3126 1595 'et
3171 1531 3304 1595 alii.

738 1639 863 1701 viri
908 1639 977 1702 in
1022 1637 1143 1702 hac
1188 1637 1497 1703 facultate
1538 1637 1796 1730 ‘famosi
1889 1637 2294 1702 Tinctoris
2338 1659 2493 1703 vero
2539 1638 2712 1702 viam
2757 1639 3050 1703 veritatis
3095 1639 3286 1724 igno-

737 1747 979 1809 rans**
1031 1747 1347 1830 quaedam
1391 1747 1594 1830 ponit,
1630 1767 1793 1830 quae
1825 1745 1893 1809 in
1923 1745 2131 1810 lucem
2164 1767 2297 1810 non
2328 1750 2545 1811 essent
2575 1746 2964 1810 deducenda.
3044 1745 3285 1810 Verum

739 1853 807 1916 in
854 1853 1385 1937 proportionibus
1441 1854 1659 1938 aliqua
1714 1854 1920 1918 dicam
1981 1854 2056 1917 de
2107 1854 2226 1935 eis,
2275 1877 2358 1918 ne
2403 1858 2619 1918 rectus
2666 1854 2823 1919 ordo
2868 1854 3284 1937 perturbetur

737 1961 1100 2046 ignorantis
1132 1961 1456 2044 opinione.
1548 1961 1846 2045 Namque
1893 1962 2105 2024 Busn
2124 1961 2252 2025 ois-
2289 1965 2356 2026 et
2384 1961 2496 2025 isti
2526 1962 2746 2046 magni
2777 1961 2899 2024 viri
2928 1961 3283 2026 fundantur

737 2071 806 2133 in
853 2069 1268 2153 antiquitate3
1318 2074 1383 2133 et
1430 2068 1596 2134 sicut
1642 2069 1970 2153 quantitas
2018 2091 2096 2133 ex
2140 2091 2269 2133 uno
2323 2069 2528 2134 latere
2576 2070 2922 2135 crescendo
2971 2091 3282 2156 augmen-

734 2181 929 2259 tatur,
992 2178 1084 2242 sic
1140 2200 1219 2241 ex
1276 2176 1405 2241 alio
1462 2177 1807 2241 dividendo
1866 2177 2194 2241 minuitur.
2291 2176 2362 2242 Si
2422 2178 2594 2241 enim
2656 2177 2904 2262 antiqui
2947 2178 3282 2262 ponebant

734 2307 1101 2349 mensuram
1161 2285 1231 2348 in
1284 2284 1485 2369 brevi,
1542 2285 1609 2349 in
1656 2285 1856 2371 longa
1903 2290 1968 2350 et
2017 2286 2401 2370 quandoque
2446 2286 2515 2350 in
2561 2285 2857 2368 maxima,
2905 2286 3001 2350 ita
3044 2308 3163 2351 nos
3210 2288 3279 2350 in

732 2392 931 2476 brevi,
968 2392 1313 2457 semibrevi
1348 2397 1412 2457 et
1444 2392 1792 2478 'aliquando
1823 2393 1893 2457 in
1925 2393 2191 2457 minima
2205 2397 2246 2457 ².
2301 2387 2451 2457 'Sed
2485 2394 2562 2458 de
2593 2389 2911 2457 mensuris
2940 2393 3274 2485 hactenus,

730 2499 919 2564 Nunc
965 2501 1043 2564 de
1087 2500 1486 2584 perfectione
1535 2500 1807 2565 aliarum
1853 2501 2213 2585 specierum
2260 2500 2565 2566 dicamus.

1546 2764 2032 2846 capitulum
2081 2763 2458 2834 tertium.

1288 2917 1379 2987 In
1434 2941 1583 3010 quo
1638 2917 1856 3012 signa
1911 2916 2226 2987 aliarum
2272 2917 2714 3010 specierum.

730 3064 1127 3198 RESTAT,
1178 3066 1483 3149 quoniam
1530 3087 1749 3130 sumus
1793 3086 2098 3130 numeros
2140 3064 2210 3128 in
2256 3065 2554 3130 omnibus
2601 3067 2938 3149 speciebus
2985 3066 3271 3149 divisuri,

872 3171 1233 3257 perfectum
1265 3173 1348 3237 ab
1376 3172 1759 3257 imperfecto
1790 3175 1860 3237 in
1891 3173 2085 3237 modo
2115 3172 2606 3257 prolationeque
2630 3173 3000 3255 maioribuS,
3038 3174 3272 3258 quibus

725 3281 949 3367 figuris
1007 3281 1457 3367 distinguatur,
1509 3281 1854 3345 declarare.
1947 3281 2087 3344 Hoc
2150 3284 2365 3345 autem
2427 3280 2658 3344 melius
2723 3303 3154 3365 assequemur,
3217 3280 3269 3345 si

725 3389 904 3473 prius
962 3411 1308 3473 pausarum
1366 3389 1684 3471 notitiam,
1742 3411 1936 3473 quam
1988 3389 2058 3452 in
2112 3389 2322 3473 prima
2378 3393 2562 3472 parte
2608 3389 2958 3472 posuimuS,
3009 3389 3090 3452 ad
3135 3411 3270 3453 me-

727 3499 1003 3562 moriam
1048 3496 1337 3563 breviter
1366 3504 1758 3562 revocemus
1857 3495 2142 3574 Quarum
2177 3496 2437 3581 quidem
2468 3497 2755 3581 cognitio
2788 3495 2955 3561 sicut
2981 3496 3050 3561 in
3081 3500 3270 3560 notu-

728 3604 809 3668 lis
872 3605 955 3668 ab
1012 3605 1155 3688 ipsa
1208 3604 1439 3687 incipit
1496 3606 1832 3689 temporis·
1863 3626 2087 3688 pausa,
2149 3626 2312 3689 quae
2362 3628 2399 3668 a
2443 3604 2618 3668 linea
2660 3603 2729 3667 in
2773 3603 3014 3668 lineam
3058 3607 3268 3668 totum

734 3713 1015 3795 spatium
1058 3711 1338 3795 implens
1392 3711 1706 3798 figuratur
1757 3712 1882 3778 hoc
1938 3712 2131 3778 modo
2178 3726 2315 3776 ΞΠ.
2410 3711 2588 3790 Quae
2645 3711 2700 3776 si
2757 3712 2882 3776 duo
2936 3711 3043 3775 vel
3097 3711 3268 3775 tria3

730 3824 940 3908 spatia
987 3828 1259 3908 occupet
1304 3825 1396 3888 sic
1430 3812 1638 3924 Ξ-ἚΞΕ,
1686 3847 1890 3907 pausa
1933 3825 2132 3910 longa
2165 3825 2429 3906 dicitur3
2477 3825 2534 3888 si
2563 3846 2716 3888 vero
2753 3827 3029 3909 quatuor
3059 3823 3268 3907 spatia

725 3987 1137 4072 amplectitur
1190 3987 1314 4053 hoc
1358 3989 1551 4053 modo
1589 3950 1727 4094 ἒξ,
1774 4011 1980 4072 pausa
2023 3988 2362 4071 maximae,
2407 3988 2578 4052 ultra
2609 4009 2800 4072 quam
2830 3986 3012 4052 nulla
3041 3987 3260 4052 maior.

898 4156 917 4191 1
2306 4185 2310 4189 .

732 4289 759 4324 ζ.
896 4239 919 4276 2
953 4151 1331 4294 gisliessaixeltro
1369 4240 1576 4306 Aron,
1620 4239 1940 4304 Toseanell0‚
1979 4255 2101 4308 cap.
2135 4239 2218 4306 38,
2269 4239 2454 4293 findet
2489 4237 2612 4292 sich
2650 4237 2778 4292 eine
2813 4237 2932 4292 fast
2967 4237 3264 4292 wortliche

722 4327 1119 4396 Ubersetzung
1155 4326 1256 4380 der
1293 4325 1472 4380 Stelle
1519 4325 1624 4380 »Et
1657 4325 1814 4380 istud
1852 4328 2048 4380 servat
2080 4355 2150 4364 —
2186 4325 2488 4390 minimas
2749 4327 2774 4364 3
2807 4326 2925 4378 tres
2962 4323 3263 4397 linearum.

892 4413 922 4445 *
959 4410 1169 4466 Errant
1201 4412 1477 4483 perfecto,
1517 4412 1618 4481 qui
1653 4412 1988 4468 notularum
2023 4411 2442 4482 proprietatem
2474 4411 2926 4480 quantitativam
2957 4409 3180 4465 viciant
3205 4411 3267 4464 et

720 4501 1094 4567 corrumpunt
1130 4496 1253 4553 sine
1294 4515 1513 4553 canone
1548 4499 1637 4552 vel
1674 4498 2064 4568 proportione.

892 4585 955 4619 **
992 4583 1113 4654 Ego
1152 4571 1387 4652 quidem
1424 4583 1710 4640 'I'inctoris
1740 4584 2058 4640 doctrinam
2100 4588 2303 4654 (quam)
2343 4585 2544 4640 horum
2569 4584 2950 4639 deductorum
2979 4580 3263 4637 saniorem

716 4669 847 4738 ipsa
883 4670 1243 4739 experientia
1281 4671 1474 4739 didici,
1513 4688 1863 4740 quamquam
1895 4673 2108 4726 multas
2137 4671 2260 4726 eius
2288 4671 2609 4726 sententias
2635 4668 2882 4724 iuridice
2906 4666 3262 4738 impugnavi.
