3592 5509
1333 403 1759 467 ,29-

277 568 425 660 (pag.
455 581 542 660 23)
593 581 658 643 et
689 568 945 662 quando
991 576 1212 641 dicunt
1255 581 1290 652 b
1325 576 1541 651 molle,
1592 576 1834 641 debent
1874 567 2088 642 dicere
2133 570 2167 656 k}
2205 577 2433 641 durum
2482 581 2548 642 et
2593 578 2685 642 sic
2715 595 2819 642 re-

273 685 436 752 latio
468 689 646 750 recta
689 685 818 750 fiet.
888 685 974 748 Et
1003 683 1127 750 hoc
1158 684 1284 748 fuit
1315 685 1598 769 antiquis
1642 687 1712 749 in
1742 707 1991 750 morem
2020 708 2139 769 per
2170 685 2533 772 Gregorii
2562 685 2815 751 litteras

277 794 712 877 cantantibus,
775 793 1006 878 quibus
1047 792 1328 877 propria
1346 798 1366 838 1
1435 784 1594 859 sunt
1645 794 1959 859 vocabula
2012 795 2181 860 sicut
2226 793 2491 860 Graecis
2556 794 2819 879 propria

275 921 740 985 synemmenon
785 904 897 966 aut
942 901 1470 987 diezeugmenon.
1541 902 1668 966 Per
1695 906 1954 966 nostras
1986 908 2204 967 autem
2235 902 2549 967 dictiones
2581 925 2817 968 canen-

273 1009 452 1074 tibus
495 1009 759 1094 propria
814 1015 1002 1074 erunt
1055 1010 1320 1075 nomina
1373 1001 1406 1071 17
1440 1010 1500 1072 is
1550 1008 1620 1072 in
1665 1010 2008 1075 coniuncto
2066 1013 2131 1074 et
2173 1011 2233 1074 is
2276 1004 2307 1090 ἐξ
2355 1010 2426 1074 111
2473 1010 2810 1076 disiuncto.

276 1115 594 1182 Omnibus
640 1139 793 1182 vero
840 1117 1208 1182 communia
1251 1121 1478 1183 tonum
1534 1120 1647 1181 aut
1691 1117 2105 1182 semitonium
2160 1118 2374 1183 facere
2429 1123 2581 1183 sunt
2623 1140 2815 1184 voca-

272 1225 447 1290 bula.
542 1225 672 1290 Sed
718 1225 875 1290 alibi
919 1246 1050 1290 non
1096 1225 1309 1289 solum
1359 1225 1429 1289 in
1472 1247 1809 1309 paramese
1856 1225 2119 1312 signant
2169 1226 2313 1291 istis
2368 1227 2571 1313 signis
2624 1232 2815 1293 tonos

277 1339 392 1398 aut
437 1333 783 1398 semitonia
827 1337 1142 1398 cantores.
1235 1332 1479 1398 Dicunt
1507 1355 1816 1418 namque:
1865 1334 2231 1419 ubicunque
2276 1336 2354 1419 fa
2399 1335 2536 1399 31110
2568 1336 2667 1398 mi
2707 1357 2816 1399 re-

271 1440 536 1524 peritur,
585 1441 679 1507 ibi
722 1442 822 1505 mi
847 1440 1216 1506 faciendum
1264 1445 1380 1524 est,
1417 1442 1584 1506 sicut
1627 1441 1695 1505 in
1727 1444 1758 1522 17
1794 1443 1873 1526 fa
1910 1439 1945 1524 ἦ
1978 1441 2091 1507 mi.
2162 1441 2345 1507 Idem
2378 1464 2650 1527 quoque,
2699 1439 2813 1507 ubi

272 1549 372 1612 mi
414 1549 552 1612 sine
596 1550 689 1633 fa,
740 1549 912 1634 quod
958 1549 1288 1633 appellant
1339 1548 1530 1613 multi
1583 1549 1800 1614 fictam
1857 1548 2186 1631 musicam,
2248 1571 2518 1633 quorum
2561 1549 2815 1614 Phili-

272 1661 501 1741 petus
531 1658 873 1722 temerarie
905 1657 1178 1741 loquens
1211 1657 1301 1722 sic
1335 1656 1452 1721 ait:
1486 1679 1616 1721 una
1649 1661 1748 1722 est
1776 1656 1926 1722 ficta
1949 1647 2212 1722 musica.
2283 1657 2561 1722 Verum2
2591 1663 2813 1722 tamen

270 1764 618 1850 ignoravit,
668 1765 839 1850 quod
878 1765 1109 1830 saltem
1139 1765 1347 1829 modis
1382 1765 1649 1830 deberet
1692 1765 1833 1829 fieri
1866 1765 2132 1831 duobus.
2225 1765 2466 1830 Facere
2515 1766 2686 1829 enim
2736 1787 2813 1829 ex

276 1875 374 1936 mi
399 1873 476 1956 fa
508 1873 796 1937 diversus
845 1878 943 1938 est
971 1877 1200 1938 modus
1247 1873 1329 1937 ab
1372 1872 1508 1955 illo,
1561 1873 1669 1957 qui
1713 1872 1873 1938 facit
1919 1895 1998 1937 ex
2040 1874 2116 1957 fa
2144 1874 2257 1956 mi,
2305 1877 2378 1937 ut
2421 1874 2615 1956 paulo
2660 1877 2812 1957 post

278 1981 547 2064 dicetur,
608 2003 685 2045 ex
733 2003 829 2065 e0,
878 1980 1050 2066 quod
1092 2002 1225 2046 non
1269 2002 1461 2046 voces
1507 1981 2015 2064 correspondent
2061 1969 2148 2046 eo*
2181 1981 2392 2063 modo,
2452 2002 2580 2065 quo
2624 1985 2813 2045 natu-

272 2089 498 2154 raliter
543 2094 693 2154 sunt
722 2089 1093 2154 collocatae.
1189 2088 1460 2165 Quando
1504 2088 1705 2172 igitur
1751 2111 1831 2152 ex
1872 2089 1971 2153 mi
1996 2090 2073 2173 fa
2119 2093 2217 2154 est
2253 2087 2639 2168 faciendum,
2689 2088 2808 2153 tali

273 2197 462 2283 signo
493 2198 904 2280 perscribunt
933 2196 1182 2262 scilicet
1227 2193 1258 2258 b
1293 2196 1603 2276 rotundo;
1651 2197 1767 2261 sed
1800 2197 2055 2282 quando
2090 2219 2167 2262 ex
2194 2199 2271 2282 fa
2299 2197 2413 2282 mi,
2461 2196 2585 2262 1100
2618 2198 2806 2283 signo

273 2309 505 2370 notant
550 2305 797 2370 scilicet
841 2301 872 2384 Ξ
912 2305 1154 2388 quadro
1201 2304 1306 2368 vel
1349 2303 1474 2369 1100
1508 2307 1609 2368 >1⁴3.

448 2412 800 2479 Locabitur
841 2411 1042 2498 igitur
1085 2413 1259 2476 istud
1304 2399 1338 2468 17
1382 2412 1578 2479 molle
1629 2412 1700 2476 in
1747 2414 2026 2497 quinque
2072 2413 2233 2478 locis
2280 2414 2630 2478 secundum
2678 2435 2809 2496 eos,

273 2521 521 2586 scilicet
563 2521 632 2585 in
679 2508 844 2584 &mi
886 2525 952 2585 et
995 2521 1065 2584 in
1108 2522 1363 2602 ela-mi,
1409 2520 1480 2584 in
1523 2542 1566 2584 a
1595 2521 1881 2586 lafmvj-re
1924 2521 2151 2605 primo,
2198 2521 2269 2584 in
2312 2543 2343 2585 0
2386 2522 2577 2585 Za-mi
2620 2525 2810 2585 acuto

275 2633 339 2693 et
376 2631 445 2693 in
476 2651 518 2693 a
548 2630 834 2693 la-mi-re
879 2628 1178 2694 secundo,
1255 2627 1335 2692 In
1379 2627 1481 2692 his
1528 2627 1788 2713 quidem
1833 2629 1992 2694 10013
2035 2630 2320 2695 dicemus
2350 2631 2427 2714 fa
2456 2652 2573 2713 per
2618 2628 2813 2694 semi-

270 2737 520 2803 tonium
554 2761 591 2802 a
635 2737 779 2804 loco
823 2739 1086 2821 proprio
1119 2738 1512 2822 depressum,
1561 2737 1676 2802 sed
1719 2737 1894 2802 istud
1938 2730 1971 2810 h
2007 2738 2110 2802 vel
2153 2738 2329 2803 istud
2366 2741 2413 2788 ›1‹
2443 2739 2511 2802 in
2544 2760 2577 2802 0
2605 2739 2804 2822 fa-ut,

270 2846 338 2909 in
389 2847 641 2930 ssa-ut,
702 2846 771 2910 in
815 2868 849 2910 0
870 2847 1188 2930 sol-fa-ut,
1244 2846 1313 2910 in
1365 2847 1606 2930 ssa-ut
1659 2851 1849 2910 acuto
1897 2849 1962 2910 et
2012 2845 2084 2910 in
2128 2868 2160 2910 0
2181 2848 2393 2931 sol-fa,
2450 2846 2518 2910 in
2578 2845 2809 2930 quibus

273 2953 530 3038 quidem
574 2953 736 3019 locis
784 2954 1068 3019 dicemus
1111 2955 1211 3017 mi
1251 2975 1368 3037 per
1413 2953 1827 3018 semitonium
1888 2977 1925 3017 a
1968 2953 2113 3020 loco
2157 2954 2418 3037 proprio
2467 2955 2807 3019 elevatum.

275 3062 460 3141 Quod
521 3064 716 3128 etiam
775 3063 1107 3146 appellant
1161 3061 1534 3127 coniunctas
1588 3067 1857 3146 propter
1912 3063 2055 3144 hoc,
2118 3062 2269 3146 quia
2326 3062 2493 3128 sicut
2522 3131 2527 3138 ,
2552 3064 2808 3148 quando

271 3177 421 3255 post
463 3194 687 3236 mesen
729 3171 994 3255 ponitur
1045 3170 1198 3234 trite
1253 3191 1733 3254 synemmenon,
1797 3191 1924 3253 qua
1978 3170 2057 3234 de
2104 3191 2297 3234 causa
2350 3174 2541 3237 tonus
2596 3193 2807 3236 meses

275 3284 339 3344 01,
381 3301 750 3363 parameses
793 3279 863 3344 in
910 3279 1036 3344 duo
1083 3277 1425 3344 semitonia
1471 3277 1851 3343 dividendus
1899 3281 2015 3361 est,
2070 3277 2166 3342 ita
2212 3282 2278 3342 et
2323 3278 2595 3362 quilibet
2642 3279 2807 3344 alius

271 3392 462 3453 tonus
509 3387 665 3453 alibi
696 3387 947 3452 locatus
981 3386 1180 3451 dividi
1212 3386 1420 3451 debet.
1514 3385 1904 3470 Adduntque
1938 3385 2239 3450 ulterius:
2289 3387 2619 3470 quaelibet
2646 3387 2809 3452 ista-

270 3517 411 3560 rum
458 3496 944 3561 coniunctarum
989 3493 1468 3559 hexachordum
1533 3498 1631 3558 est
1689 3494 1855 3558 sicut
1916 3493 2062 3577 alia,
2123 3517 2285 3578 quae
2348 3494 2527 3577 prius
2594 3497 2809 3579 posita

274 3607 447 3683 sunt3
513 3607 578 3667 et
629 3603 777 3668 ideo
832 3603 1000 3668 sicut
1058 3605 1208 3685 post
1260 3603 1512 3686 ssa-ut,
1581 3602 1650 3665 in
1714 3623 1841 3685 quo
1901 3607 1981 3666 ut
2033 3603 2276 3667 dictum
2337 3607 2452 3681 est,
2518 3604 2810 3688 sequitur

265 3734 307 3796 9
340 3713 660 3794 some-ut,
740 3711 854 3776 ubi
926 3711 1162 3774 iterum
1224 3715 1304 3774 ut
1367 3710 1720 3775 collocatur
1781 3714 2049 3795 propter
2107 3710 2239 3774 iam
2305 3710 2501 3788 dicta,
2582 3709 2674 3775 310
2744 3715 2810 3775 01,

270 3819 340 3884 111
404 3841 791 3905 unoquoque
851 3819 1158 3884 locorum.
1261 3816 1733 3904 Diffiniuntque
1800 3817 1925 3884 hoc
1992 3818 2217 3884 modo:
2291 3817 2649 3883 Coniuncta
2712 3823 2811 3883 est

271 3927 483 3993 facere
554 3929 632 3993 de
701 3927 1045 3992 semitonio
1113 3930 1338 3992 tonum
1411 3930 1474 3991 et
1547 3927 1625 3990 de
1694 3930 1853 3992 tono
1924 3926 2363 4001 semitonium,
2436 3926 2527 3990 sic
2596 3931 2660 3990 et
2728 3925 2806 3990 de

449 4194 467 4228 1
501 4190 750 4260 proprie.

443 4277 466 4314 ²
499 4276 694 4331 Voran
731 4276 921 4346 gehen
957 4277 1038 4330 im
1073 4275 1267 4330 Druck
1303 4275 1396 4329 die
1434 4274 1634 4328 Worte
1670 4273 1977 4342 Philipetus
2012 4273 2159 4327 dicit.

443 4364 468 4401 3
502 4362 631 4432 Vgl.
678 4361 912 4416 Pietro
950 4363 1154 4430 Aron,
1208 4361 1508 4415 Toscanello
1557 4359 1888 4429 (Aggiunta)
1935 4358 2055 4413 und
2102 4359 2401 4414 Ducidario
2450 4361 2527 4426 II,
2572 4359 2669 4413 fol.
2696 4359 2805 4412 ὃν.

271 4449 442 4504 sowie
481 4449 593 4503 den
619 4447 784 4503 Brief
813 4445 1163 4518 Spataro's
1192 4465 1264 4502 an
1292 4448 1448 4501 Aron
1471 4446 1533 4500 in
1558 4445 1843 4502 Vaticana
1866 4445 2005 4499 5318
2040 4445 2133 4499 Nr.
2160 4447 2227 4499 54
2266 4445 2579 4511 (Abschrift
2611 4445 2673 4499 in
2699 4445 2808 4500 Bo·-

271 4534 459 4604 logna‚
497 4534 666 4589 Liceo
692 4534 970 4589 musicale
995 4535 1057 4588 Β.
1083 4535 1234 4600 106);
1275 4533 1500 4598 ›Questo
1523 4531 1681 4601 siqno
1719 4535 1765 4581 >14
1791 4533 2037 4601 predicto
2074 4551 2101 4585 0
2122 4537 2257 4585 stato
2282 4532 2554 4586 chiamato
2578 4532 2674 4586 dal
2692 4529 2807 4585 mio

264 4626 568 4690 preceptore
589 4622 746 4690 siquo
771 4623 833 4675 de
856 4623 886 4674 b
910 4623 1117 4690 quadro
1141 4626 1340 4674 tortum
1364 4625 1410 4674 et
1434 4621 1507 4674 da
1530 4619 1672 4688 frate
1705 4619 1921 4672 Joamw
1956 4617 2105 4672 othbi
2136 4636 2162 4671 e
2192 4623 2328 4672 stato
2352 4617 2625 4673 chiamato
2648 4617 2807 4687 siquo

271 4707 332 4760 de
357 4708 387 4761 b
412 4709 618 4775 quadro
653 4707 860 4762 iacente
895 4713 942 4761 et
977 4712 1155 4776 questo
1191 4702 1224 4786 h}
1260 4707 1332 4761 da
1366 4704 1452 4760 lm·
1485 4724 1512 4760 0
1545 4710 1680 4760 stato
1716 4705 1993 4759 chiamato
2028 4704 2186 4774 signo
2221 4706 2284 4758 de
2318 4706 2348 4757 b
2384 4706 2589 4773 quadro
2612 4710 2801 4758 rectos
