3592 5509
1372 409 1458 418 —-
1551 369 1848 434 103-

1327 615 1888 750 Epilogus,

448 833 679 900 UFER
723 833 942 920 igitur,
988 833 1443 898 iucundissime
1489 834 1711 916 lector,
1762 857 1840 899 ex
1886 834 2099 900 animo
2144 839 2257 900 tuo
2305 857 2536 921 segnes
2565 818 2876 920 pristinae

476 941 883 1028 ignorantiae
907 941 1179 1007 nebulas
1208 946 1273 1007 et
1296 941 1587 1026 opusculi
1609 942 1817 1007 nostri
1836 941 2026 1006 hui-us
2052 942 2224 1007 claro
2246 942 2598 1008 irradiante
2620 943 2876 1030 fulgore

343 1050 593 1135 piceam
639 1051 719 1116 ab
767 1049 969 1115 oculis
1013 1049 1142 1114 tuis
1191 1049 1440 1134 expelle
1488 1049 1862 1136 caliginem3
1921 1049 2172 1115 intuere
2223 1055 2288 1114 et
2333 1050 2574 1135 dispice
2622 1073 2877 1117 omnem

343 1158 510 1223 hanc
554 1157 839 1224 musicae
883 1162 1144 1223 nostrae
1191 1155 1679 1243 supellectilem,
1736 1157 2078 1223 circumfer
2118 1157 2389 1241 lumina,
2449 1162 2677 1224 cuncta
2731 1181 2877 1245 per-

340 1266 583 1349 lustra,
644 1266 821 1330 locos
879 1287 1099 1330 omnes
1145 1265 1396 1330 rimare.
1492 1263 1633 1343 Quo
1688 1265 2114 1350 perspicatius
2168 1265 2452 1330 animum
2504 1266 2877 1352 intenderiS‚

347 1397 423 1438 eo
468 1373 677 1459 magis
707 1373 1042 1438 nobiscum
1080 1373 1337 1438 senties.
1414 1373 1501 1438 Et
1542 1373 1656 1439 ubi
1702 1375 1783 1438 ad
1812 1373 2004 1438 huius
2047 1373 2518 1457 pulcherrimae
2562 1375 2876 1458 veritatiS,

343 1505 536 1567 quam
598 1481 667 1546 in
730 1503 1135 1546 communem
1189 1475 1537 1545 utilitatem
1592 1481 1908 1546 adducere
1967 1481 2355 1565 curavimuS,
2427 1483 2698 1548 ducente
2755 1484 2876 1548 deo

340 1589 712 1673 perveneris
759 1588 1183 1674 agnitionem,
1240 1588 1485 1674 gratias
1532 1588 1653 1653 deo
1709 1610 1892 1674 ages,
1953 1588 2084 1653 mei
2134 1589 2513 1654 memoriam
2567 1590 2876 1675 servabiS,

343 1696 653 1780 opusculo
698 1695 811 1760 isti
856 1700 923 1759 et
966 1694 1176 1760 labori
1219 1716 1366 1758 meo
1422 1693 1690 1760 favebis,
1786 1694 1894 1760 Sic
1955 1695 2126 1760 enim
2178 1696 2380 1761 facias
2437 1720 2701 1764 necesse
2759 1704 2874 1781 est,

342 1803 398 1868 si
443 1802 887 1886 turpissimum
931 1801 1111 1867 voles
1158 1801 1400 1866 crimen
1444 1801 1928 1888 ingratitudinis
1977 1803 2264 1868 evadere.
2345 1804 2417 1870 Si
2462 1805 2616 1890 quid
2657 1810 2876 1871 tamen

341 1933 379 1974 a
424 1910 675 1976 ratione
734 1910 1061 1975 dissonum
1118 1914 1183 1974 et
1235 1909 1496 1974 veritati
1546 1932 1677 1974 non
1731 1914 2236 1975 consentaneum
2289 1913 2677 2002 reppereris,
2739 1935 2878 1979 cor-

338 2017 616 2083 rectioni
670 2017 886 2083 locum
929 2017 1253 2102 relinquo,
1306 2016 1384 2094 in,
1420 2039 1524 2081 me
1584 2039 1854 2082 examen
1911 2018 2201 2083 admitto,
2305 2019 2435 2084 Sed
2487 2043 2686 2084 unum
2743 2043 2876 2103 oro,

340 2131 433 2210 ut,
480 2126 855 2210 priusquam
899 2125 1245 2210 improbes,
1292 2124 1623 2211 intelligas
1659 2147 1780 2190 nec
1829 2126 1908 2190 ad
1951 2126 2364 2192 iudicandum
2391 2149 2700 2211 praeceps
2749 2151 2874 2194 eas,

338 2235 635 2326 Pugnam
679 2256 810 2299 non
854 2233 1086 2318 timeo,
1143 2234 1200 2298 si
1252 2238 1595 2318 praesente
1654 2238 1719 2298 et
1768 2233 2093 2299 iudicante
2155 2235 2408 2300 ratione
2461 2236 2875 2322 pugnabitur.

344 2342 826 2424 Animadverte,
874 2363 1008 2425 oro,
1064 2346 1306 2426 quanto
1352 2363 1497 2406 cum
1543 2342 1773 2406 sudore
1831 2339 2228 2427 quorundam
2281 2343 2673 2409 musicorum
2729 2367 2878 2410 can-

347 2456 690 2535 torumque
744 2449 1105 2514 levissimas
1154 2449 1490 2533 opiniones
1534 2449 1910 2533 refellendO,
1972 2451 2370 2534 quorundam
2416 2473 2589 2536 vero,
2647 2453 2878 2538 quibus

341 2558 551 2644 magis
596 2558 861 2623 favebat
903 2557 1161 2641 veritas,
1212 2557 1630 2642 approbando
1677 2562 1742 2622 et
1774 2575 1937 2642 quae
1981 2558 2304 2645 indigeste
2353 2563 2418 2624 et
2459 2559 2876 2644 tumultuarie

338 2664 583 2730 tradita
646 2665 1032 2730 videbantur
1096 2665 1179 2729 ab
1243 2663 1387 2729 aliis
1455 2665 1537 2730 ad
1599 2641 2130 2748 perpendiculum
2191 2666 2524 2753 dirigendo
2581 2666 2875 2732 libellum

344 2773 544 2837 istum
591 2773 1138 2856 composuerimus
1161 2777 1201 2836 1.
1292 2772 1370 2837 In
1417 2794 1544 2856 quo
1590 2772 1646 2836 si
1693 2795 1858 2856 eum,
1908 2773 2018 2857 qui
2044 2773 2115 2838 in
2144 2773 2374 2839 Boetio
2408 2779 2521 2858 est,
2573 2775 2879 2860 eloquen-

338 2881 474 2945 tiae
518 2880 744 2946 florem
788 2902 921 2944 non
963 2880 1223 2964 videriS‚
1268 2880 1524 2945 veniam
1579 2881 1781 2946 dabis
1874 2881 2015 2967 Ego
2065 2881 2235 2946 enim
2289 2905 2541 2966 semper
2584 2883 2877 2948 veritatis

347 3011 542 3072 quam
572 2981 911 3053 facundiae
944 2987 1291 3052 studiosior
1318 2987 1433 3072 fui,
1484 2993 1549 3054 et
1576 2989 1765 3054 nobis
1796 2994 1871 3054 ut
1898 2990 2246 3074 plurimum
2287 2990 2357 3055 in
2401 2990 2524 3056 hoc
2569 2991 2876 3074 opusculo

340 3118 553 3161 sermo
602 3099 701 3160 est
746 3096 827 3160 ad
873 3100 1189 3179 cantoreS,
1237 3096 1346 3180 qui
1390 3096 1621 3162 maiori
1669 3120 1746 3162 ex
1789 3102 1974 3182 parte
2017 3098 2303 3182 imperiti
2347 3099 2664 3184 rudesque
2703 3121 2876 3164 com-

338 3204 724 3288 probantur,
786 3207 851 3268 et
906 3225 1035 3268 non
1094 3226 1448 3288 numquam
1506 3225 1728 3270 eorum
1782 3205 2170 3270 inconcinna
2226 3206 2398 3271 dicta
2461 3212 2526 3272 et
2582 3207 2874 3272 barbaris

340 3316 644 3376 contexta
672 3310 1005 3376 vocabulis
1049 3331 1311 3376 necesse
1355 3310 1497 3394 fuit,
1544 3317 1618 3376 ut
1658 3312 2192 3396 improbarentur,
2245 3316 2424 3399 operi
2465 3315 2870 3380 interserere.

517 3418 704 3484 Prius
769 3418 998 3504 igitur,
1065 3423 1139 3483 ut
1205 3418 1489 3484 omnium
1556 3419 1868 3485 dictorum
1937 3421 2134 3486 breve
2201 3422 2504 3508 colligam
2575 3423 2874 3507 epitoma,

343 3549 539 3592 sonos
600 3526 959 3591 successive
1020 3530 1087 3590 et
1138 3527 1425 3590 seriatim
1479 3526 1767 3611 prolatos
1831 3528 1911 3592 ad
1967 3533 2176 3593 totum
2232 3511 2436 3615 usque
2495 3536 2874 3595 concentum

339 3635 743 3700 discutiendo
761 3637 787 3677 2
840 3635 1143 3718 qua-(pag.
1179 3634 1485 3716 84)litates
1550 3635 1840 3718 ipsorum
1902 3637 2240 3701 modorum
2305 3659 2424 3720 per
2481 3639 2873 3703 mundanam

338 3723 533 3826 atque
578 3742 924 3806 humanam
970 3740 1282 3806 musicam
1326 3745 1734 3807 transeuntes
1779 3743 1977 3807 miras
2026 3747 2090 3808 et
2137 3743 2420 3809 diversas
2469 3767 2608 3810 esse
2656 3751 2872 3811 osten-

338 3849 549 3914 dimus
618 3853 681 3914 et
741 3871 856 3933 per
914 3848 1044 3914 alia
1099 3849 1224 3913 duo
1291 3849 1607 3914 melorum
1667 3872 1910 3936 genera
1966 3851 2290 3916 subtiliter
2353 3844 2417 3918 et
2473 3839 2606 3918 non
2658 3855 2740 3919 ab
2801 3875 2870 3918 re

340 3956 621 4040 antiquis
687 3955 1074 4042 pervigilata
1140 3961 1649 4022 transcurrentes
1720 3957 1802 4021 ad
1867 3959 2040 4041 ipsas
2109 3959 2517 4043 antiquorum
2586 3961 2872 4026 neoteri-

339 4086 685 4148 corumque
742 4063 1156 4148 symphonias
1211 4063 1617 4130 diffiniendas
1674 4065 2076 4130 accessimus.
2170 4067 2420 4132 Deinde
2473 4090 2590 4151 per
2643 4091 2868 4134 nume-

335 4195 555 4238 rorum
599 4171 934 4256 passiones
978 4171 1253 4258 ingressi
1302 4176 1366 4237 et
1409 4171 1672 4238 frivolas
1733 4178 2067 4239 cantorum
2114 4174 2448 4258 opiniones
2493 4175 2674 4241 iuxta
2719 4199 2871 4260 pro-

336 4281 667 4365 portiones
724 4280 1039 4345 evitantes
1096 4281 1178 4346 ad
1227 4280 1886 4364 proportionalitateS,
1946 4281 2176 4366 quibus
2230 4282 2650 4366 symphoniae
2704 4285 2902 4372 tam-'

340 4411 533 4473 quam
576 4387 1013 4453 fundamentis
1057 4387 1437 4471 innituntur,
1487 4388 1872 4455 accessimus
1920 4394 1985 4454 et
2010 4390 2534 4456 ‚monochordum
2574 4397 2868 4457 nostrum

338 4499 515 4561 recte
558 4517 677 4579 per
719 4516 1020 4560 numeros
1068 4517 1207 4560 esse
1257 4496 1529 4560 divisum
1576 4496 1903 4561 subtiliter
1943 4497 2427 4563 insinuavimus,
2737 4493 2740 4496 ⁴

511 4653 531 4689 1
568 4651 619 4704 A
643 4650 709 4704 81
749 4649 1189 4719 composuimus,
1610 4653 1633 4729 2
1670 4653 1721 4706 A
1744 4652 1812 4706 81
1854 4652 2216 4708 discedendo.
