<?xml version="1.0" encoding="UTF-8"?>
<!DOCTYPE html PUBLIC "-//W3C//DTD XHTML 1.0 Transitional//EN"
    "http://www.w3.org/TR/xhtml1/DTD/xhtml1-transitional.dtd">
<html xmlns="http://www.w3.org/1999/xhtml" xml:lang="en" lang="en">
 <head>
  <title>
</title>
<meta http-equiv="Content-Type" content="text/html;charset=utf-8" />
  <meta name='ocr-system' content='tesseract 3.04.00' />
  <meta name='ocr-capabilities' content='ocr_page ocr_carea ocr_par ocr_line ocrx_word'/>
</head>
<body>
  <div class='ocr_page' id='page_1' title='image "./musicapractican00wolfgoog_0050.png"; bbox 0 0 3592 5509; ppageno 0'>
   <div class='ocr_carea' id='block_1_1' title="bbox 1289 404 1720 471">
    <p class='ocr_par' dir='ltr' id='par_1_1' title="bbox 1289 404 1720 471">
     <span class='ocr_line' id='line_1_1' title="bbox 1289 404 1720 471; baseline 0 -15"><span class='ocrx_word' id='word_1_1' title='bbox 1289 404 1720 471; x_wconf 69' lang='lat'><strong>-33-</strong></span> 
     </span>
    </p>
   </div>
   <div class='ocr_carea' id='block_1_2' title="bbox 239 568 2786 3378">
    <p class='ocr_par' dir='ltr' id='par_1_2' title="bbox 239 568 2786 755">
     <span class='ocr_line' id='line_1_2' title="bbox 241 568 2786 667; baseline 0 -22"><span class='ocrx_word' id='word_1_2' title='bbox 241 580 356 646; x_wconf 83' lang='lat' dir='ltr'>sed</span> <span class='ocrx_word' id='word_1_3' title='bbox 402 580 672 645; x_wconf 85' lang='lat' dir='ltr'>duarum</span> <span class='ocrx_word' id='word_1_4' title='bbox 709 580 1116 665; x_wconf 88' lang='lat' dir='ltr'>aequalium,</span> <span class='ocrx_word' id='word_1_5' title='bbox 1173 585 1439 666; x_wconf 86' lang='lat' dir='ltr'>propter</span> <span class='ocrx_word' id='word_1_6' title='bbox 1493 582 1664 666; x_wconf 89' lang='lat' dir='ltr'>quod</span> <span class='ocrx_word' id='word_1_7' title='bbox 1717 582 1914 647; x_wconf 87' lang='lat' dir='ltr'>etiam</span> <span class='ocrx_word' id='word_1_8' title='bbox 1967 582 2035 646; x_wconf 91' lang='lat' dir='ltr'>in</span> <span class='ocrx_word' id='word_1_9' title='bbox 2086 586 2360 667; x_wconf 89' lang='lat' dir='ltr'>utroque</span> <span class='ocrx_word' id='word_1_10' title='bbox 2407 568 2439 646; x_wconf 67' lang='lat' dir='ltr'>b</span> <span class='ocrx_word' id='word_1_11' title='bbox 2483 570 2559 666; x_wconf 70' lang='lat' dir='ltr'>fa</span> <span class='ocrx_word' id='word_1_12' title='bbox 2610 571 2643 664; x_wconf 52' lang='lat' dir='ltr'><em>h</em></span> <span class='ocrx_word' id='word_1_13' title='bbox 2680 570 2786 646; x_wconf 67' lang='lat' dir='ltr'>mi</span> 
     </span>
     <span class='ocr_line' id='line_1_3' title="bbox 239 689 1446 755; baseline -0.002 -1"><span class='ocrx_word' id='word_1_14' title='bbox 239 710 370 755; x_wconf 87' lang='lat' dir='ltr'>non</span> <span class='ocrx_word' id='word_1_15' title='bbox 401 689 545 754; x_wconf 84' lang='lat' dir='ltr'>fit*.</span> <span class='ocrx_word' id='word_1_16' title='bbox 1441 691 1446 698; x_wconf 84' lang='lat'>&#39;</span> 
     </span>
    </p>

    <p class='ocr_par' dir='ltr' id='par_1_3' title="bbox 241 797 2778 1526">
     <span class='ocr_line' id='line_1_4' title="bbox 411 797 2776 883; baseline 0.001 -23"><span class='ocrx_word' id='word_1_17' title='bbox 411 797 489 861; x_wconf 91' lang='lat' dir='ltr'>In</span> <span class='ocrx_word' id='word_1_18' title='bbox 533 801 672 860; x_wconf 89' lang='lat' dir='ltr'>arte</span> <span class='ocrx_word' id='word_1_19' title='bbox 716 797 925 881; x_wconf 89' lang='lat' dir='ltr'>prima</span> <span class='ocrx_word' id='word_1_20' title='bbox 969 797 1364 881; x_wconf 89' lang='lat' dir='ltr'>imperfecta,</span> <span class='ocrx_word' id='word_1_21' title='bbox 1413 797 1525 863; x_wconf 87' lang='lat' dir='ltr'>ubi</span> <span class='ocrx_word' id='word_1_22' title='bbox 1571 798 1773 883; x_wconf 86' lang='lat' dir='ltr'>igitur</span> <span class='ocrx_word' id='word_1_23' title='bbox 1818 802 2070 862; x_wconf 88' lang='lat' dir='ltr'>tantum</span> <span class='ocrx_word' id='word_1_24' title='bbox 2117 798 2280 863; x_wconf 85' lang='lat' dir='ltr'>duae</span> <span class='ocrx_word' id='word_1_25' title='bbox 2336 820 2529 864; x_wconf 85' lang='lat' dir='ltr'>voces</span> <span class='ocrx_word' id='word_1_26' title='bbox 2590 802 2776 863; x_wconf 91' lang='lat' dir='ltr'>erunt</span> 
     </span>
     <span class='ocr_line' id='line_1_5' title="bbox 244 905 2778 990; baseline 0 -21"><span class='ocrx_word' id='word_1_27' title='bbox 244 905 562 988; x_wconf 78' lang='lat' dir='ltr'>aequaleS,</span> <span class='ocrx_word' id='word_1_28' title='bbox 614 905 776 970; x_wconf 89' lang='lat' dir='ltr'>duae</span> <span class='ocrx_word' id='word_1_29' title='bbox 822 905 979 970; x_wconf 90' lang='lat' dir='ltr'>fient</span> <span class='ocrx_word' id='word_1_30' title='bbox 1021 906 1441 972; x_wconf 86' lang='lat' dir='ltr'>mutationes:</span> <span class='ocrx_word' id='word_1_31' title='bbox 1493 929 1620 970; x_wconf 88' lang='lat' dir='ltr'>una</span> <span class='ocrx_word' id='word_1_32' title='bbox 1666 929 1703 970; x_wconf 89' lang='lat' dir='ltr'>a</span> <span class='ocrx_word' id='word_1_33' title='bbox 1746 907 1957 990; x_wconf 88' lang='lat' dir='ltr'>prima</span> <span class='ocrx_word' id='word_1_34' title='bbox 2001 928 2159 972; x_wconf 87' lang='lat' dir='ltr'>voce</span> <span class='ocrx_word' id='word_1_35' title='bbox 2203 907 2273 971; x_wconf 89' lang='lat' dir='ltr'>in</span> <span class='ocrx_word' id='word_1_36' title='bbox 2318 907 2662 972; x_wconf 86' lang='lat' dir='ltr'>secundam</span> <span class='ocrx_word' id='word_1_37' title='bbox 2712 911 2778 971; x_wconf 89' lang='lat' dir='ltr'>et</span> 
     </span>
     <span class='ocr_line' id='line_1_6' title="bbox 243 1013 2778 1098; baseline 0 -20"><span class='ocrx_word' id='word_1_38' title='bbox 243 1013 370 1078; x_wconf 89' lang='lat' dir='ltr'>alia</span> <span class='ocrx_word' id='word_1_39' title='bbox 417 1035 452 1076; x_wconf 92' lang='lat' dir='ltr'>e</span> <span class='ocrx_word' id='word_1_40' title='bbox 497 1035 826 1088; x_wconf 77' lang='lat' dir='ltr'>converso,</span> <span class='ocrx_word' id='word_1_41' title='bbox 921 1013 1052 1078; x_wconf 86' lang='lat' dir='ltr'>Sed</span> <span class='ocrx_word' id='word_1_42' title='bbox 1097 1036 1240 1079; x_wconf 92' lang='lat' dir='ltr'>cum</span> <span class='ocrx_word' id='word_1_43' title='bbox 1286 1019 1420 1078; x_wconf 82' lang='lat' dir='ltr'>tres</span> <span class='ocrx_word' id='word_1_44' title='bbox 1464 1015 1764 1098; x_wconf 88' lang='lat' dir='ltr'>fuerint1,</span> <span class='ocrx_word' id='word_1_45' title='bbox 1827 1014 1997 1080; x_wconf 90' lang='lat' dir='ltr'>hunc</span> <span class='ocrx_word' id='word_1_46' title='bbox 2042 1015 2304 1080; x_wconf 92' lang='lat' dir='ltr'>modum</span> <span class='ocrx_word' id='word_1_47' title='bbox 2348 1016 2689 1081; x_wconf 87' lang='lat' dir='ltr'>tenebunt:</span> <span class='ocrx_word' id='word_1_48' title='bbox 2740 1038 2778 1078; x_wconf 88' lang='lat' dir='ltr'>a</span> 
     </span>
     <span class='ocr_line' id='line_1_7' title="bbox 242 1121 2778 1207; baseline 0.001 -23"><span class='ocrx_word' id='word_1_49' title='bbox 242 1122 450 1205; x_wconf 89' lang='lat' dir='ltr'>prima</span> <span class='ocrx_word' id='word_1_50' title='bbox 492 1121 561 1185; x_wconf 90' lang='lat' dir='ltr'>in</span> <span class='ocrx_word' id='word_1_51' title='bbox 607 1121 952 1186; x_wconf 85' lang='lat' dir='ltr'>secundam</span> <span class='ocrx_word' id='word_1_52' title='bbox 1000 1126 1065 1186; x_wconf 89' lang='lat' dir='ltr'>et</span> <span class='ocrx_word' id='word_1_53' title='bbox 1112 1145 1145 1185; x_wconf 91' lang='lat' dir='ltr'>e</span> <span class='ocrx_word' id='word_1_54' title='bbox 1193 1144 1502 1188; x_wconf 85' lang='lat' dir='ltr'>converso</span> <span class='ocrx_word' id='word_1_55' title='bbox 1547 1123 1710 1187; x_wconf 90' lang='lat' dir='ltr'>fiunt</span> <span class='ocrx_word' id='word_1_56' title='bbox 1750 1123 1915 1187; x_wconf 83' lang='lat' dir='ltr'>duae</span> <span class='ocrx_word' id='word_1_57' title='bbox 1964 1128 2029 1188; x_wconf 90' lang='lat' dir='ltr'>et</span> <span class='ocrx_word' id='word_1_58' title='bbox 2074 1147 2112 1187; x_wconf 87' lang='lat' dir='ltr'>a</span> <span class='ocrx_word' id='word_1_59' title='bbox 2155 1123 2365 1207; x_wconf 91' lang='lat' dir='ltr'>prima</span> <span class='ocrx_word' id='word_1_60' title='bbox 2408 1123 2477 1188; x_wconf 86' lang='lat' dir='ltr'>in</span> <span class='ocrx_word' id='word_1_61' title='bbox 2516 1123 2778 1188; x_wconf 88' lang='lat' dir='ltr'>tertiam</span> 
     </span>
     <span class='ocr_line' id='line_1_8' title="bbox 244 1229 2777 1298; baseline 0.002 -5"><span class='ocrx_word' id='word_1_62' title='bbox 244 1233 309 1294; x_wconf 88' lang='lat' dir='ltr'>et</span> <span class='ocrx_word' id='word_1_63' title='bbox 367 1252 400 1293; x_wconf 92' lang='lat' dir='ltr'>e</span> <span class='ocrx_word' id='word_1_64' title='bbox 455 1251 763 1295; x_wconf 83' lang='lat' dir='ltr'>converso</span> <span class='ocrx_word' id='word_1_65' title='bbox 821 1229 987 1294; x_wconf 89' lang='lat' dir='ltr'>aliae</span> <span class='ocrx_word' id='word_1_66' title='bbox 1043 1230 1203 1295; x_wconf 83' lang='lat' dir='ltr'>duae</span> <span class='ocrx_word' id='word_1_67' title='bbox 1266 1236 1332 1296; x_wconf 93' lang='lat' dir='ltr'>et</span> <span class='ocrx_word' id='word_1_68' title='bbox 1385 1254 1422 1295; x_wconf 99' lang='lat' dir='ltr'>a</span> <span class='ocrx_word' id='word_1_69' title='bbox 1476 1231 1758 1296; x_wconf 82' lang='lat' dir='ltr'>secunda</span> <span class='ocrx_word' id='word_1_70' title='bbox 1817 1231 1900 1295; x_wconf 88' lang='lat' dir='ltr'>ad</span> <span class='ocrx_word' id='word_1_71' title='bbox 1954 1231 2215 1296; x_wconf 87' lang='lat' dir='ltr'>tertiam</span> <span class='ocrx_word' id='word_1_72' title='bbox 2276 1235 2341 1296; x_wconf 89' lang='lat' dir='ltr'>et</span> <span class='ocrx_word' id='word_1_73' title='bbox 2386 1254 2421 1297; x_wconf 90' lang='lat' dir='ltr'>e</span> <span class='ocrx_word' id='word_1_74' title='bbox 2468 1253 2777 1298; x_wconf 81' lang='lat' dir='ltr'>converso</span> 
     </span>
     <span class='ocr_line' id='line_1_9' title="bbox 243 1337 2778 1406; baseline 0.002 -4"><span class='ocrx_word' id='word_1_75' title='bbox 243 1337 407 1402; x_wconf 86' lang='lat' dir='ltr'>aliae</span> <span class='ocrx_word' id='word_1_76' title='bbox 452 1337 612 1403; x_wconf 91' lang='lat' dir='ltr'>item</span> <span class='ocrx_word' id='word_1_77' title='bbox 658 1338 820 1403; x_wconf 84' lang='lat' dir='ltr'>duae</span> <span class='ocrx_word' id='word_1_78' title='bbox 879 1342 943 1402; x_wconf 92' lang='lat' dir='ltr'>et</span> <span class='ocrx_word' id='word_1_79' title='bbox 997 1339 1088 1403; x_wconf 85' lang='lat' dir='ltr'>sic</span> <span class='ocrx_word' id='word_1_80' title='bbox 1135 1361 1247 1404; x_wconf 82' lang='lat' dir='ltr'>sex</span> <span class='ocrx_word' id='word_1_81' title='bbox 1292 1340 1716 1405; x_wconf 85' lang='lat' dir='ltr'>habebuntur.</span> <span class='ocrx_word' id='word_1_82' title='bbox 1826 1339 1956 1404; x_wconf 88' lang='lat' dir='ltr'>Sed</span> <span class='ocrx_word' id='word_1_83' title='bbox 2013 1362 2159 1404; x_wconf 90' lang='lat' dir='ltr'>cum</span> <span class='ocrx_word' id='word_1_84' title='bbox 2216 1340 2497 1405; x_wconf 84' lang='lat' dir='ltr'>secundo</span> <span class='ocrx_word' id='word_1_85' title='bbox 2553 1362 2778 1406; x_wconf 86' lang='lat' dir='ltr'>vocem</span> 
     </span>
     <span class='ocr_line' id='line_1_10' title="bbox 241 1447 2773 1526; baseline 0.001 -16"><span class='ocrx_word' id='word_1_86' title='bbox 241 1447 695 1518; x_wconf 76' lang='lat' dir='ltr'>ascendentem</span> <span class='ocrx_word' id='word_1_87' title='bbox 724 1448 1150 1526; x_wconf 83' lang='lat' dir='ltr'>nominamus,</span> <span class='ocrx_word' id='word_1_88' title='bbox 1199 1447 1624 1512; x_wconf 75' lang='lat' dir='ltr'>mutationem</span> <span class='ocrx_word' id='word_1_89' title='bbox 1668 1447 1737 1511; x_wconf 90' lang='lat' dir='ltr'>in</span> <span class='ocrx_word' id='word_1_90' title='bbox 1783 1447 2190 1513; x_wconf 82' lang='lat' dir='ltr'>ascendendo</span> <span class='ocrx_word' id='word_1_91' title='bbox 2237 1447 2488 1512; x_wconf 78' lang='lat' dir='ltr'>causari</span> <span class='ocrx_word' id='word_1_92' title='bbox 2535 1448 2773 1512; x_wconf 89' lang='lat' dir='ltr'>dicunt.</span> 
     </span>
    </p>

    <p class='ocr_par' dir='ltr' id='par_1_4' title="bbox 243 1547 2781 2834">
     <span class='ocr_line' id='line_1_11' title="bbox 418 1547 2781 1640; baseline 0 -20"><span class='ocrx_word' id='word_1_93' title='bbox 418 1553 548 1620; x_wconf 87' lang='lat' dir='ltr'>Sed</span> <span class='ocrx_word' id='word_1_94' title='bbox 593 1554 866 1619; x_wconf 83' lang='lat' dir='ltr'>ulterius</span> <span class='ocrx_word' id='word_1_95' title='bbox 915 1556 1159 1620; x_wconf 88' lang='lat' dir='ltr'>addunt</span> <span class='ocrx_word' id='word_1_96' title='bbox 1215 1554 1314 1619; x_wconf 92' lang='lat' dir='ltr'>illi</span> <span class='ocrx_word' id='word_1_97' title='bbox 1371 1557 1548 1620; x_wconf 86' lang='lat' dir='ltr'>vocis</span> <span class='ocrx_word' id='word_1_98' title='bbox 1604 1556 2072 1640; x_wconf 89' lang='lat' dir='ltr'>proprietatem</span> <span class='ocrx_word' id='word_1_99' title='bbox 2126 1556 2373 1622; x_wconf 85' lang='lat' dir='ltr'>scilicet</span> <span class='ocrx_word' id='word_1_100' title='bbox 2415 1547 2449 1638; x_wconf 59' lang='grc' dir='ltr'>ἦ</span> <span class='ocrx_word' id='word_1_101' title='bbox 2487 1555 2781 1640; x_wconf 88' lang='lat' dir='ltr'>quadrati</span> 
     </span>
     <span class='ocr_line' id='line_1_12' title="bbox 245 1646 2777 1749; baseline 0 -21"><span class='ocrx_word' id='word_1_102' title='bbox 245 1668 357 1728; x_wconf 87' lang='lat' dir='ltr'>aut</span> <span class='ocrx_word' id='word_1_103' title='bbox 415 1646 447 1721; x_wconf 65' lang='lat' dir='ltr'>b</span> <span class='ocrx_word' id='word_1_104' title='bbox 489 1663 706 1728; x_wconf 87' lang='lat' dir='ltr'>mollis</span> <span class='ocrx_word' id='word_1_105' title='bbox 765 1663 900 1728; x_wconf 81' lang='lat' dir='ltr'>sive</span> <span class='ocrx_word' id='word_1_106' title='bbox 958 1668 1247 1729; x_wconf 88' lang='lat' dir='ltr'>naturae.</span> <span class='ocrx_word' id='word_1_107' title='bbox 1339 1665 1626 1730; x_wconf 87' lang='lat' dir='ltr'>Naturae</span> <span class='ocrx_word' id='word_1_108' title='bbox 1688 1669 1906 1730; x_wconf 89' lang='lat' dir='ltr'>autem</span> <span class='ocrx_word' id='word_1_109' title='bbox 1962 1664 2295 1749; x_wconf 86' lang='lat' dir='ltr'>appellant</span> <span class='ocrx_word' id='word_1_110' title='bbox 2349 1664 2777 1748; x_wconf 84' lang='lat' dir='ltr'>hexachorda,</span> 
     </span>
     <span class='ocr_line' id='line_1_13' title="bbox 245 1762 2774 1858; baseline 0.002 -23"><span class='ocrx_word' id='word_1_111' title='bbox 245 1794 407 1856; x_wconf 89' lang='lat' dir='ltr'>quae</span> <span class='ocrx_word' id='word_1_112' title='bbox 467 1773 533 1836; x_wconf 93' lang='lat' dir='ltr'>in</span> <span class='ocrx_word' id='word_1_113' title='bbox 589 1776 863 1856; x_wconf 91' lang='lat' dir='ltr'>utroque</span> <span class='ocrx_word' id='word_1_114' title='bbox 921 1794 954 1836; x_wconf 85' lang='lat' dir='ltr'>c</span> <span class='ocrx_word' id='word_1_115' title='bbox 1011 1777 1161 1838; x_wconf 85' lang='lat' dir='ltr'>sunt</span> <span class='ocrx_word' id='word_1_116' title='bbox 1217 1772 1548 1857; x_wconf 75' lang='lat' dir='ltr'>inchoata,</span> <span class='ocrx_word' id='word_1_117' title='bbox 1609 1762 1642 1854; x_wconf 52' lang='grc' dir='ltr'>ἡ</span> <span class='ocrx_word' id='word_1_118' title='bbox 1681 1773 2003 1858; x_wconf 89' lang='lat' dir='ltr'>quadrati,</span> <span class='ocrx_word' id='word_1_119' title='bbox 2063 1797 2225 1858; x_wconf 88' lang='lat' dir='ltr'>quae</span> <span class='ocrx_word' id='word_1_120' title='bbox 2274 1798 2311 1839; x_wconf 88' lang='lat' dir='ltr'>a</span> <span class='ocrx_word' id='word_1_121' title='bbox 2350 1796 2409 1858; x_wconf 80' lang='lat'>9,</span> <span class='ocrx_word' id='word_1_122' title='bbox 2468 1775 2511 1840; x_wconf 88' lang='lat' dir='ltr'><strong>b</strong></span> <span class='ocrx_word' id='word_1_123' title='bbox 2558 1774 2774 1839; x_wconf 81' lang='lat' dir='ltr'>mollis</span> 
     </span>
     <span class='ocr_line' id='line_1_14' title="bbox 243 1880 2773 1968; baseline 0.001 -24"><span class='ocrx_word' id='word_1_124' title='bbox 243 1903 412 1960; x_wconf 87' lang='lat' dir='ltr'>vero,</span> <span class='ocrx_word' id='word_1_125' title='bbox 464 1903 627 1966; x_wconf 90' lang='lat' dir='ltr'>quae</span> <span class='ocrx_word' id='word_1_126' title='bbox 675 1882 757 1946; x_wconf 91' lang='lat' dir='ltr'>ab</span> <span class='ocrx_word' id='word_1_127' title='bbox 803 1881 852 1964; x_wconf 83' lang='lat' dir='ltr'>f.</span> <span class='ocrx_word' id='word_1_128' title='bbox 946 1880 1038 1946; x_wconf 92' lang='lat' dir='ltr'>Ut</span> <span class='ocrx_word' id='word_1_129' title='bbox 1085 1904 1238 1968; x_wconf 87' lang='lat' dir='ltr'>ergo</span> <span class='ocrx_word' id='word_1_130' title='bbox 1286 1904 1413 1946; x_wconf 90' lang='lat' dir='ltr'>uno</span> <span class='ocrx_word' id='word_1_131' title='bbox 1461 1881 1917 1947; x_wconf 81' lang='lat' dir='ltr'>concludamus</span> <span class='ocrx_word' id='word_1_132' title='bbox 1967 1882 2279 1968; x_wconf 84' lang='lat' dir='ltr'>exemplo,</span> <span class='ocrx_word' id='word_1_133' title='bbox 2328 1904 2445 1966; x_wconf 89' lang='lat' dir='ltr'>per</span> <span class='ocrx_word' id='word_1_134' title='bbox 2490 1883 2662 1966; x_wconf 91' lang='lat' dir='ltr'>quod</span> <span class='ocrx_word' id='word_1_135' title='bbox 2705 1882 2773 1948; x_wconf 89' lang='lat' dir='ltr'>in</span> 
     </span>
     <span class='ocr_line' id='line_1_15' title="bbox 244 1989 2772 2076; baseline 0.001 -24"><span class='ocrx_word' id='word_1_136' title='bbox 244 1989 516 2054; x_wconf 88' lang='lat' dir='ltr'>aliorum</span> <span class='ocrx_word' id='word_1_137' title='bbox 575 1989 1011 2076; x_wconf 86' lang='lat' dir='ltr'>cognitionem</span> <span class='ocrx_word' id='word_1_138' title='bbox 1056 1989 1246 2054; x_wconf 90' lang='lat' dir='ltr'>facile</span> <span class='ocrx_word' id='word_1_139' title='bbox 1292 1990 1605 2069; x_wconf 88' lang='lat' dir='ltr'>veniatur,</span> <span class='ocrx_word' id='word_1_140' title='bbox 1668 1990 1939 2056; x_wconf 86' lang='lat' dir='ltr'>dicimus</span> <span class='ocrx_word' id='word_1_141' title='bbox 1995 1990 2065 2054; x_wconf 88' lang='lat' dir='ltr'>in</span> <span class='ocrx_word' id='word_1_142' title='bbox 2118 2012 2160 2074; x_wconf 78' lang='lat'><em>9</em></span> <span class='ocrx_word' id='word_1_143' title='bbox 2210 1992 2507 2056; x_wconf 79' lang='lat' dir='ltr'>sol-re-ut</span> <span class='ocrx_word' id='word_1_144' title='bbox 2557 1992 2650 2054; x_wconf 81' lang='lat' dir='ltr'>sol</span> <span class='ocrx_word' id='word_1_145' title='bbox 2687 2011 2772 2072; x_wconf 78' lang='lat' dir='ltr'>re,</span> 
     </span>
     <span class='ocr_line' id='line_1_16' title="bbox 243 2095 2773 2182; baseline 0 -22"><span class='ocrx_word' id='word_1_146' title='bbox 243 2119 309 2160; x_wconf 82' lang='lat' dir='ltr'>re</span> <span class='ocrx_word' id='word_1_147' title='bbox 337 2099 444 2180; x_wconf 83' lang='lat' dir='ltr'>sol,</span> <span class='ocrx_word' id='word_1_148' title='bbox 491 2100 701 2181; x_wconf 78' lang='lat' dir='ltr'>solut,</span> <span class='ocrx_word' id='word_1_149' title='bbox 749 2103 829 2161; x_wconf 81' lang='lat' dir='ltr'>ut</span> <span class='ocrx_word' id='word_1_150' title='bbox 853 2100 961 2180; x_wconf 83' lang='lat' dir='ltr'>sol,</span> <span class='ocrx_word' id='word_1_151' title='bbox 1007 2120 1076 2162; x_wconf 82' lang='lat' dir='ltr'>re</span> <span class='ocrx_word' id='word_1_152' title='bbox 1106 2104 1196 2182; x_wconf 81' lang='lat' dir='ltr'>ut,</span> <span class='ocrx_word' id='word_1_153' title='bbox 1247 2103 1327 2162; x_wconf 77' lang='lat' dir='ltr'>ut</span> <span class='ocrx_word' id='word_1_154' title='bbox 1350 2120 1447 2163; x_wconf 79' lang='lat' dir='ltr'>re:</span> <span class='ocrx_word' id='word_1_155' title='bbox 1492 2100 1586 2163; x_wconf 83' lang='lat' dir='ltr'>sol</span> <span class='ocrx_word' id='word_1_156' title='bbox 1611 2120 1679 2163; x_wconf 79' lang='lat' dir='ltr'>re</span> <span class='ocrx_word' id='word_1_157' title='bbox 1721 2098 1792 2162; x_wconf 91' lang='lat' dir='ltr'>in</span> <span class='ocrx_word' id='word_1_158' title='bbox 1847 2098 2251 2163; x_wconf 81' lang='lat' dir='ltr'>ascendendo</span> <span class='ocrx_word' id='word_1_159' title='bbox 2298 2099 2376 2163; x_wconf 88' lang='lat' dir='ltr'>de</span> <span class='ocrx_word' id='word_1_160' title='bbox 2430 2095 2661 2162; x_wconf 85' lang='lat' dir='ltr'>natura</span> <span class='ocrx_word' id='word_1_161' title='bbox 2703 2096 2773 2161; x_wconf 91' lang='lat' dir='ltr'>in</span> 
     </span>
     <span class='ocr_line' id='line_1_17' title="bbox 245 2192 2779 2289; baseline 0 -19"><span class='ocrx_word' id='word_1_162' title='bbox 245 2193 536 2288; x_wconf 64' lang='lat' dir='ltr'>bmolle,</span> <span class='ocrx_word' id='word_1_163' title='bbox 595 2228 663 2270; x_wconf 76' lang='lat' dir='ltr'>re</span> <span class='ocrx_word' id='word_1_164' title='bbox 700 2207 794 2270; x_wconf 82' lang='lat' dir='ltr'>sol</span> <span class='ocrx_word' id='word_1_165' title='bbox 847 2206 917 2270; x_wconf 88' lang='lat' dir='ltr'>in</span> <span class='ocrx_word' id='word_1_166' title='bbox 975 2207 1419 2271; x_wconf 85' lang='lat' dir='ltr'>descendendo</span> <span class='ocrx_word' id='word_1_167' title='bbox 1484 2207 1561 2272; x_wconf 89' lang='lat' dir='ltr'>de</span> <span class='ocrx_word' id='word_1_168' title='bbox 1615 2192 1869 2272; x_wconf 72' lang='lat' dir='ltr'>bmolli</span> <span class='ocrx_word' id='word_1_169' title='bbox 1935 2207 2003 2271; x_wconf 84' lang='lat' dir='ltr'>in</span> <span class='ocrx_word' id='word_1_170' title='bbox 2062 2210 2387 2289; x_wconf 88' lang='lat' dir='ltr'>naturam,</span> <span class='ocrx_word' id='word_1_171' title='bbox 2451 2207 2661 2270; x_wconf 80' lang='lat' dir='ltr'>solut</span> <span class='ocrx_word' id='word_1_172' title='bbox 2711 2206 2779 2270; x_wconf 90' lang='lat' dir='ltr'>in</span> 
     </span>
     <span class='ocr_line' id='line_1_18' title="bbox 245 2306 2778 2399; baseline -0.001 -21"><span class='ocrx_word' id='word_1_173' title='bbox 245 2313 649 2378; x_wconf 82' lang='lat' dir='ltr'>ascendendo</span> <span class='ocrx_word' id='word_1_174' title='bbox 697 2314 773 2377; x_wconf 93' lang='lat' dir='ltr'>de</span> <span class='ocrx_word' id='word_1_175' title='bbox 806 2318 1038 2378; x_wconf 90' lang='lat' dir='ltr'>natura</span> <span class='ocrx_word' id='word_1_176' title='bbox 1081 2314 1146 2378; x_wconf 89' lang='lat' dir='ltr'>in</span> <span class='ocrx_word' id='word_1_177' title='bbox 1195 2306 1230 2395; x_wconf 54' lang='lat' dir='ltr'>h</span> <span class='ocrx_word' id='word_1_178' title='bbox 1267 2315 1598 2399; x_wconf 84' lang='lat' dir='ltr'>quadrum,</span> <span class='ocrx_word' id='word_1_179' title='bbox 1647 2319 1726 2378; x_wconf 77' lang='lat' dir='ltr'>ut</span> <span class='ocrx_word' id='word_1_180' title='bbox 1749 2315 1844 2378; x_wconf 82' lang='lat' dir='ltr'>sol</span> <span class='ocrx_word' id='word_1_181' title='bbox 1885 2335 2003 2399; x_wconf 91' lang='lat' dir='ltr'>per</span> <span class='ocrx_word' id='word_1_182' title='bbox 2033 2313 2445 2395; x_wconf 88' lang='lat' dir='ltr'>contrarium,</span> <span class='ocrx_word' id='word_1_183' title='bbox 2493 2335 2562 2376; x_wconf 78' lang='lat' dir='ltr'>re</span> <span class='ocrx_word' id='word_1_184' title='bbox 2590 2317 2670 2376; x_wconf 76' lang='lat' dir='ltr'>ut</span> <span class='ocrx_word' id='word_1_185' title='bbox 2708 2312 2778 2376; x_wconf 91' lang='lat' dir='ltr'>in</span> 
     </span>
     <span class='ocr_line' id='line_1_19' title="bbox 247 2406 2780 2505; baseline -0 -19"><span class='ocrx_word' id='word_1_186' title='bbox 247 2422 650 2488; x_wconf 86' lang='lat' dir='ltr'>ascendendo</span> <span class='ocrx_word' id='word_1_187' title='bbox 695 2423 772 2486; x_wconf 91' lang='lat' dir='ltr'>de</span> <span class='ocrx_word' id='word_1_188' title='bbox 820 2406 854 2480; x_wconf 69' lang='lat'>&#39;17</span> <span class='ocrx_word' id='word_1_189' title='bbox 888 2421 1068 2487; x_wconf 93' lang='lat' dir='ltr'>molli</span> <span class='ocrx_word' id='word_1_190' title='bbox 1101 2411 1232 2493; x_wconf 60' lang='lat' dir='ltr'>inh</span> <span class='ocrx_word' id='word_1_191' title='bbox 1272 2423 1517 2505; x_wconf 90' lang='lat' dir='ltr'>durum,</span> <span class='ocrx_word' id='word_1_192' title='bbox 1568 2424 1829 2486; x_wconf 46' lang='lat' dir='ltr'>uto-est</span> <span class='ocrx_word' id='word_1_193' title='bbox 1865 2422 1933 2486; x_wconf 90' lang='lat' dir='ltr'>in</span> <span class='ocrx_word' id='word_1_194' title='bbox 1978 2422 2384 2487; x_wconf 87' lang='lat' dir='ltr'>ascendendo</span> <span class='ocrx_word' id='word_1_195' title='bbox 2429 2422 2507 2486; x_wconf 91' lang='lat' dir='ltr'>de</span> <span class='ocrx_word' id='word_1_196' title='bbox 2551 2415 2586 2501; x_wconf 53' lang='grc' dir='ltr'><strong>ξ</strong></span> <span class='ocrx_word' id='word_1_197' title='bbox 2624 2443 2780 2505; x_wconf 92' lang='lat' dir='ltr'>qua—</span> 
     </span>
     <span class='ocr_line' id='line_1_20' title="bbox 246 2517 2775 2614; baseline 0 -20"><span class='ocrx_word' id='word_1_198' title='bbox 246 2531 360 2595; x_wconf 92' lang='lat' dir='ltr'>dro</span> <span class='ocrx_word' id='word_1_199' title='bbox 405 2531 474 2594; x_wconf 90' lang='lat' dir='ltr'>in</span> <span class='ocrx_word' id='word_1_200' title='bbox 519 2517 949 2596; x_wconf 63' lang='lat' dir='ltr'>brotundum.</span> <span class='ocrx_word' id='word_1_201' title='bbox 1021 2531 1181 2607; x_wconf 56' lang='lat' dir='ltr'>‚Hoc</span> <span class='ocrx_word' id='word_1_202' title='bbox 1229 2531 1399 2595; x_wconf 93' lang='lat' dir='ltr'>enim</span> <span class='ocrx_word' id='word_1_203' title='bbox 1445 2532 1639 2596; x_wconf 89' lang='lat' dir='ltr'>modo</span> <span class='ocrx_word' id='word_1_204' title='bbox 1687 2535 1944 2596; x_wconf 83' lang='lat' dir='ltr'>servato</span> <span class='ocrx_word' id='word_1_205' title='bbox 1990 2531 2059 2595; x_wconf 91' lang='lat' dir='ltr'>in</span> <span class='ocrx_word' id='word_1_206' title='bbox 2106 2530 2251 2594; x_wconf 82' lang='lat' dir='ltr'>aliis</span> <span class='ocrx_word' id='word_1_207' title='bbox 2296 2530 2457 2595; x_wconf 83' lang='lat' dir='ltr'>locis</span> <span class='ocrx_word' id='word_1_208' title='bbox 2506 2530 2775 2614; x_wconf 83' lang='lat' dir='ltr'>quisque</span> 
     </span>
     <span class='ocr_line' id='line_1_21' title="bbox 245 2639 2779 2724; baseline -0.001 -19"><span class='ocrx_word' id='word_1_209' title='bbox 245 2662 360 2723; x_wconf 91' lang='lat' dir='ltr'>per</span> <span class='ocrx_word' id='word_1_210' title='bbox 406 2662 474 2704; x_wconf 83' lang='lat' dir='ltr'>se</span> <span class='ocrx_word' id='word_1_211' title='bbox 520 2640 763 2722; x_wconf 87' lang='lat' dir='ltr'>poterit</span> <span class='ocrx_word' id='word_1_212' title='bbox 807 2662 924 2723; x_wconf 90' lang='lat' dir='ltr'>per</span> <span class='ocrx_word' id='word_1_213' title='bbox 971 2663 1062 2722; x_wconf 89' lang='lat' dir='ltr'>ea,</span> <span class='ocrx_word' id='word_1_214' title='bbox 1128 2662 1290 2723; x_wconf 89' lang='lat' dir='ltr'>quae</span> <span class='ocrx_word' id='word_1_215' title='bbox 1339 2640 1511 2705; x_wconf 87' lang='lat' dir='ltr'>dicta</span> <span class='ocrx_word' id='word_1_216' title='bbox 1557 2644 1723 2724; x_wconf 85' lang='lat' dir='ltr'>sunt,</span> <span class='ocrx_word' id='word_1_217' title='bbox 1780 2639 1899 2704; x_wconf 86' lang='lat' dir='ltr'>has</span> <span class='ocrx_word' id='word_1_218' title='bbox 1944 2639 2455 2724; x_wconf 80' lang='lat' dir='ltr'>permutationes</span> <span class='ocrx_word' id='word_1_219' title='bbox 2510 2639 2779 2703; x_wconf 81' lang='lat' dir='ltr'>investi-</span> 
     </span>
     <span class='ocr_line' id='line_1_22' title="bbox 252 2770 425 2834; baseline 0 -21"><span class='ocrx_word' id='word_1_220' title='bbox 252 2770 425 2834; x_wconf 86' lang='lat' dir='ltr'>gare.</span> 
     </span>
    </p>

    <p class='ocr_par' dir='ltr' id='par_1_5' title="bbox 243 2853 2783 3378">
     <span class='ocr_line' id='line_1_23' title="bbox 418 2853 2778 2940; baseline -0 -19"><span class='ocrx_word' id='word_1_221' title='bbox 418 2857 547 2921; x_wconf 87' lang='lat' dir='ltr'>Sed</span> <span class='ocrx_word' id='word_1_222' title='bbox 613 2861 676 2921; x_wconf 92' lang='lat' dir='ltr'>et</span> <span class='ocrx_word' id='word_1_223' title='bbox 739 2856 864 2922; x_wconf 91' lang='lat' dir='ltr'>hoc</span> <span class='ocrx_word' id='word_1_224' title='bbox 929 2857 1156 2923; x_wconf 90' lang='lat' dir='ltr'>habito</span> <span class='ocrx_word' id='word_1_225' title='bbox 1217 2858 1639 2922; x_wconf 87' lang='lat' dir='ltr'>fundamento</span> <span class='ocrx_word' id='word_1_226' title='bbox 1704 2857 1773 2921; x_wconf 90' lang='lat' dir='ltr'>in</span> <span class='ocrx_word' id='word_1_227' title='bbox 1838 2879 2031 2921; x_wconf 89' lang='lat' dir='ltr'>manu</span> <span class='ocrx_word' id='word_1_228' title='bbox 2098 2855 2386 2940; x_wconf 87' lang='lat' dir='ltr'>perfecta</span> <span class='ocrx_word' id='word_1_229' title='bbox 2444 2853 2635 2921; x_wconf 88' lang='lat' dir='ltr'>facile</span> <span class='ocrx_word' id='word_1_230' title='bbox 2700 2857 2778 2920; x_wconf 91' lang='lat' dir='ltr'>de</span> 
     </span>
     <span class='ocr_line' id='line_1_24' title="bbox 247 2964 2781 3050; baseline -0.001 -20"><span class='ocrx_word' id='word_1_231' title='bbox 247 2965 545 3030; x_wconf 86' lang='lat' dir='ltr'>omnibus</span> <span class='ocrx_word' id='word_1_232' title='bbox 592 2989 705 3030; x_wconf 81' lang='lat' dir='ltr'>sex</span> <span class='ocrx_word' id='word_1_233' title='bbox 746 2966 1011 3031; x_wconf 86' lang='lat' dir='ltr'>vocibus</span> <span class='ocrx_word' id='word_1_234' title='bbox 1054 2968 1121 3031; x_wconf 90' lang='lat' dir='ltr'>in</span> <span class='ocrx_word' id='word_1_235' title='bbox 1157 2967 1383 3031; x_wconf 90' lang='lat' dir='ltr'>eodem</span> <span class='ocrx_word' id='word_1_236' title='bbox 1427 2967 1572 3032; x_wconf 93' lang='lat' dir='ltr'>loco</span> <span class='ocrx_word' id='word_1_237' title='bbox 1604 2966 1835 3050; x_wconf 79' lang='lat' dir='ltr'>positis</span> <span class='ocrx_word' id='word_1_238' title='bbox 1867 2965 2259 3030; x_wconf 84' lang='lat' dir='ltr'>mutationes</span> <span class='ocrx_word' id='word_1_239' title='bbox 2302 2986 2523 3030; x_wconf 83' lang='lat' dir='ltr'>omnes</span> <span class='ocrx_word' id='word_1_240' title='bbox 2568 2964 2781 3030; x_wconf 88' lang='lat' dir='ltr'>facere</span> 
     </span>
     <span class='ocr_line' id='line_1_25' title="bbox 243 3075 2781 3162; baseline -0.001 -21"><span class='ocrx_word' id='word_1_241' title='bbox 243 3077 500 3160; x_wconf 88' lang='lat' dir='ltr'>poterit.</span> <span class='ocrx_word' id='word_1_242' title='bbox 605 3075 790 3140; x_wconf 91' lang='lat' dir='ltr'>Unde</span> <span class='ocrx_word' id='word_1_243' title='bbox 865 3076 1140 3160; x_wconf 86' lang='lat' dir='ltr'>exempli</span> <span class='ocrx_word' id='word_1_244' title='bbox 1210 3078 1422 3162; x_wconf 86' lang='lat' dir='ltr'>gratia</span> <span class='ocrx_word' id='word_1_245' title='bbox 1492 3075 1821 3160; x_wconf 82' lang='lat' dir='ltr'>capiamus</span> <span class='ocrx_word' id='word_1_246' title='bbox 1885 3077 1930 3138; x_wconf 79' lang='lat' dir='ltr'>d</span> <span class='ocrx_word' id='word_1_247' title='bbox 1964 3077 2179 3158; x_wconf 80' lang='lat' dir='ltr'>sol-re,</span> <span class='ocrx_word' id='word_1_248' title='bbox 2243 3075 2355 3139; x_wconf 89' lang='lat' dir='ltr'>ubi</span> <span class='ocrx_word' id='word_1_249' title='bbox 2419 3096 2532 3139; x_wconf 84' lang='lat' dir='ltr'>sex</span> <span class='ocrx_word' id='word_1_250' title='bbox 2589 3095 2781 3139; x_wconf 82' lang='lat' dir='ltr'>voces</span> 
     </span>
     <span class='ocr_line' id='line_1_26' title="bbox 245 3182 2783 3270; baseline -0.001 -22"><span class='ocrx_word' id='word_1_251' title='bbox 245 3184 508 3249; x_wconf 88' lang='lat' dir='ltr'>fuerunt</span> <span class='ocrx_word' id='word_1_252' title='bbox 550 3184 821 3267; x_wconf 87' lang='lat' dir='ltr'>locatae,</span> <span class='ocrx_word' id='word_1_253' title='bbox 871 3184 1340 3270; x_wconf 85' lang='lat' dir='ltr'>iungemusque</span> <span class='ocrx_word' id='word_1_254' title='bbox 1387 3187 1451 3249; x_wconf 79' lang='lat' dir='ltr'>la</span> <span class='ocrx_word' id='word_1_255' title='bbox 1495 3185 1687 3251; x_wconf 92' lang='lat' dir='ltr'>modo</span> <span class='ocrx_word' id='word_1_256' title='bbox 1732 3184 2066 3268; x_wconf 89' lang='lat' dir='ltr'>praedicto</span> <span class='ocrx_word' id='word_1_257' title='bbox 2111 3182 2361 3248; x_wconf 83' lang='lat' dir='ltr'>scilicet</span> <span class='ocrx_word' id='word_1_258' title='bbox 2414 3205 2559 3248; x_wconf 92' lang='lat' dir='ltr'>cum</span> <span class='ocrx_word' id='word_1_259' title='bbox 2604 3182 2783 3248; x_wconf 87' lang='lat' dir='ltr'>voci-</span> 
     </span>
     <span class='ocr_line' id='line_1_27' title="bbox 246 3292 2782 3378; baseline -0.001 -19"><span class='ocrx_word' id='word_1_260' title='bbox 246 3295 385 3378; x_wconf 84' lang='lat' dir='ltr'>bus,</span> <span class='ocrx_word' id='word_1_261' title='bbox 446 3317 606 3378; x_wconf 90' lang='lat' dir='ltr'>quae</span> <span class='ocrx_word' id='word_1_262' title='bbox 661 3294 729 3358; x_wconf 90' lang='lat' dir='ltr'>in</span> <span class='ocrx_word' id='word_1_263' title='bbox 787 3293 1008 3359; x_wconf 88' lang='lat' dir='ltr'>ordine</span> <span class='ocrx_word' id='word_1_264' title='bbox 1061 3317 1179 3378; x_wconf 90' lang='lat' dir='ltr'>per</span> <span class='ocrx_word' id='word_1_265' title='bbox 1231 3298 1456 3359; x_wconf 90' lang='lat' dir='ltr'>tonum</span> <span class='ocrx_word' id='word_1_266' title='bbox 1515 3299 1626 3358; x_wconf 91' lang='lat' dir='ltr'>aut</span> <span class='ocrx_word' id='word_1_267' title='bbox 1683 3294 2086 3359; x_wconf 83' lang='lat' dir='ltr'>diatessaron</span> <span class='ocrx_word' id='word_1_268' title='bbox 2145 3297 2257 3356; x_wconf 91' lang='lat' dir='ltr'>aut</span> <span class='ocrx_word' id='word_1_269' title='bbox 2310 3314 2426 3376; x_wconf 87' lang='lat' dir='ltr'>per</span> <span class='ocrx_word' id='word_1_270' title='bbox 2481 3292 2782 3376; x_wconf 72' lang='lat' dir='ltr'>diapente</span> 
     </span>
    </p>
   </div>
   <div class='ocr_carea' id='block_1_3' title="bbox 245 3537 2785 3782">
    <p class='ocr_par' dir='ltr' id='par_1_6' title="bbox 245 3537 2785 3782">
     <span class='ocr_line' id='line_1_28' title="bbox 423 3537 666 3591; baseline 0 -1"><span class='ocrx_word' id='word_1_271' title='bbox 423 3541 437 3575; x_wconf 86' lang='lat'><strong>¹</strong></span> <span class='ocrx_word' id='word_1_272' title='bbox 475 3537 535 3590; x_wconf 89' lang='lat' dir='ltr'>fu</span> <span class='ocrx_word' id='word_1_273' title='bbox 576 3538 624 3591; x_wconf 88' lang='lat' dir='ltr'>ri</span> <span class='ocrx_word' id='word_1_274' title='bbox 656 3580 666 3590; x_wconf 89' lang='lat'><em>.</em></span> 
     </span>
     <span class='ocr_line' id='line_1_29' title="bbox 419 3541 2785 3707; baseline 0.004 -42"><span class='ocrx_word' id='word_1_275' title='bbox 419 3627 449 3660; x_wconf 82' lang='lat'><em>*</em></span> <span class='ocrx_word' id='word_1_276' title='bbox 483 3555 607 3686; x_wconf 59' lang='lat' dir='ltr'>Ineb</span> <span class='ocrx_word' id='word_1_277' title='bbox 623 3541 686 3693; x_wconf 41' lang='lat' dir='ltr'>plia</span> <span class='ocrx_word' id='word_1_278' title='bbox 710 3614 846 3707; x_wconf 44' lang='lat' dir='ltr'>fimi</span> <span class='ocrx_word' id='word_1_279' title='bbox 878 3625 943 3678; x_wconf 90' lang='lat' dir='ltr'>fit</span> <span class='ocrx_word' id='word_1_280' title='bbox 966 3626 1320 3695; x_wconf 87' lang='lat' dir='ltr'>permutatio</span> <span class='ocrx_word' id='word_1_281' title='bbox 1347 3625 1664 3694; x_wconf 80' lang='lat' dir='ltr'>secundum</span> <span class='ocrx_word' id='word_1_282' title='bbox 1690 3626 2140 3692; x_wconf 88' lang='lat' dir='ltr'>Marchetum,</span> <span class='ocrx_word' id='word_1_283' title='bbox 2176 3623 2331 3692; x_wconf 88' lang='lat' dir='ltr'>quod</span> <span class='ocrx_word' id='word_1_284' title='bbox 2368 3626 2428 3678; x_wconf 89' lang='lat' dir='ltr'>et</span> <span class='ocrx_word' id='word_1_285' title='bbox 2460 3621 2522 3676; x_wconf 90' lang='lat' dir='ltr'>in</span> <span class='ocrx_word' id='word_1_286' title='bbox 2557 3621 2785 3676; x_wconf 60' lang='lat' dir='ltr'>Pratiea</span> 
     </span>
     <span class='ocr_line' id='line_1_30' title="bbox 245 3711 1959 3782; baseline -0.002 -14"><span class='ocrx_word' id='word_1_287' title='bbox 245 3715 444 3768; x_wconf 83' lang='lat' dir='ltr'>nostra</span> <span class='ocrx_word' id='word_1_288' title='bbox 481 3712 854 3779; x_wconf 74' lang='lat' dir='ltr'>declaramuS,</span> <span class='ocrx_word' id='word_1_289' title='bbox 894 3715 959 3766; x_wconf 91' lang='lat' dir='ltr'>ut</span> <span class='ocrx_word' id='word_1_290' title='bbox 994 3713 1104 3767; x_wconf 90' lang='lat' dir='ltr'>hoc</span> <span class='ocrx_word' id='word_1_291' title='bbox 1143 3713 1318 3766; x_wconf 87' lang='lat' dir='ltr'>etiam</span> <span class='ocrx_word' id='word_1_292' title='bbox 1354 3713 1635 3782; x_wconf 89' lang='lat' dir='ltr'>probatur</span> <span class='ocrx_word' id='word_1_293' title='bbox 1672 3711 1959 3781; x_wconf 87' lang='lat' dir='ltr'>exemplo:</span> 
     </span>
    </p>
   </div>
   <div class='ocr_carea' id='block_1_4' title="bbox 421 3807 2787 4096">
    <p class='ocr_par' dir='ltr' id='par_1_7' title="bbox 421 3807 2787 4096">
     <span class='ocr_line' id='line_1_31' title="bbox 908 3807 2113 3976; baseline -0.002 -30"><span class='ocrx_word' id='word_1_294' title='bbox 908 3807 1490 3976; x_wconf 46' lang='grc' dir='ltr'>Ξάξῑέἔψ</span> <span class='ocrx_word' id='word_1_295' title='bbox 1565 3843 1939 3960; x_wconf 38' lang='lat'>23:³³³—</span> <span class='ocrx_word' id='word_1_296' title='bbox 1980 3833 2113 3944; x_wconf 54' lang='lat' dir='ltr'>:ji</span> 
     </span>
     <span class='ocr_line' id='line_1_32' title="bbox 421 4026 2787 4096; baseline -0.001 -14"><span class='ocrx_word' id='word_1_297' title='bbox 421 4030 486 4065; x_wconf 87' lang='grc'>**</span> <span class='ocrx_word' id='word_1_298' title='bbox 526 4029 700 4084; x_wconf 84' lang='lat' dir='ltr'>Sexta</span> <span class='ocrx_word' id='word_1_299' title='bbox 735 4028 981 4083; x_wconf 87' lang='lat' dir='ltr'>mutatio</span> <span class='ocrx_word' id='word_1_300' title='bbox 1006 4029 1068 4082; x_wconf 89' lang='lat' dir='ltr'>in</span> <span class='ocrx_word' id='word_1_301' title='bbox 1098 4028 1145 4082; x_wconf 87' lang='lat' dir='ltr'><strong>G</strong></span> <span class='ocrx_word' id='word_1_302' title='bbox 1173 4027 1454 4094; x_wconf 80' lang='lat' dir='ltr'>sol-re-ut,</span> <span class='ocrx_word' id='word_1_303' title='bbox 1493 4027 1719 4081; x_wconf 80' lang='lat' dir='ltr'>scilicet</span> <span class='ocrx_word' id='word_1_304' title='bbox 1741 4033 1801 4080; x_wconf 79' lang='lat' dir='ltr'>ut</span> <span class='ocrx_word' id='word_1_305' title='bbox 1824 4027 1883 4081; x_wconf 91' lang='lat' dir='ltr'>in</span> <span class='ocrx_word' id='word_1_306' title='bbox 1911 4045 1985 4094; x_wconf 80' lang='lat' dir='ltr'>re,</span> <span class='ocrx_word' id='word_1_307' title='bbox 2023 4027 2090 4080; x_wconf 85' lang='lat' dir='ltr'>fit</span> <span class='ocrx_word' id='word_1_308' title='bbox 2117 4026 2334 4081; x_wconf 86' lang='lat' dir='ltr'>directe</span> <span class='ocrx_word' id='word_1_309' title='bbox 2360 4030 2420 4082; x_wconf 90' lang='lat' dir='ltr'>et</span> <span class='ocrx_word' id='word_1_310' title='bbox 2444 4026 2787 4096; x_wconf 79' lang='lat' dir='ltr'>regulariter</span> 
     </span>
    </p>
   </div>
   <div class='ocr_carea' id='block_1_5' title="bbox 248 4115 2048 4357">
    <p class='ocr_par' dir='ltr' id='par_1_8' title="bbox 248 4115 2048 4357">
     <span class='ocr_line' id='line_1_33' title="bbox 248 4115 906 4172; baseline -0.003 -2"><span class='ocrx_word' id='word_1_311' title='bbox 248 4117 649 4172; x_wconf 83' lang='lat' dir='ltr'>descendendo</span> <span class='ocrx_word' id='word_1_312' title='bbox 687 4119 753 4170; x_wconf 90' lang='lat' dir='ltr'>ut</span> <span class='ocrx_word' id='word_1_313' title='bbox 788 4115 906 4169; x_wconf 88' lang='lat' dir='ltr'>bic:</span> 
     </span>
     <span class='ocr_line' id='line_1_34' title="bbox 975 4187 2048 4357; baseline -0.011 -38"><span class='ocrx_word' id='word_1_314' title='bbox 975 4187 2048 4357; x_wconf 47' lang='grc' dir='ltr'>Ξὲἕὲξῌξῐὲζ-ξῇῂξῇῑ</span> 
     </span>
    </p>
   </div>
   <div class='ocr_carea' id='block_1_6' title="bbox 1038 4356 1965 4427">
    <p class='ocr_par' dir='ltr' id='par_1_9' title="bbox 1038 4356 1965 4427">
     <span class='ocr_line' id='line_1_35' title="bbox 1038 4356 1965 4427; baseline -0.002 -15"><span class='ocrx_word' id='word_1_315' title='bbox 1038 4357 1287 4427; x_wconf 88' lang='lat' dir='ltr'>primum</span> <span class='ocrx_word' id='word_1_316' title='bbox 1324 4375 1408 4413; x_wconf 86' lang='lat' dir='ltr'>ex.</span> <span class='ocrx_word' id='word_1_317' title='bbox 1673 4356 1835 4411; x_wconf 88' lang='lat' dir='ltr'>aliud</span> <span class='ocrx_word' id='word_1_318' title='bbox 1873 4374 1965 4412; x_wconf 56' lang='lat' dir='ltr'>ex·-</span> 
     </span>
    </p>
   </div>
   <div class='ocr_carea' id='block_1_7' title="bbox 1015 3833 1177 3842">
    <p class='ocr_par' dir='ltr' id='par_1_10' title="bbox 1015 3833 1177 3842">
     <span class='ocr_line' id='line_1_36' title="bbox 1015 3833 1177 3842; baseline 0 1667"><span class='ocrx_word' id='word_1_319' title='bbox 1015 3833 1177 3842; x_wconf 95' lang='lat' dir='ltr'> </span> 
     </span>
    </p>
   </div>
   <div class='ocr_carea' id='block_1_8' title="bbox 1707 3833 1867 3840">
    <p class='ocr_par' dir='ltr' id='par_1_11' title="bbox 1707 3833 1867 3840">
     <span class='ocr_line' id='line_1_37' title="bbox 1707 3833 1867 3840; baseline 0 0"><span class='ocrx_word' id='word_1_320' title='bbox 1707 3833 1867 3840; x_wconf 95' lang='lat' dir='ltr'> </span> 
     </span>
    </p>
   </div>
   <div class='ocr_carea' id='block_1_9' title="bbox 1873 3833 2039 3842">
    <p class='ocr_par' dir='ltr' id='par_1_12' title="bbox 1873 3833 2039 3842">
     <span class='ocr_line' id='line_1_38' title="bbox 1873 3833 2039 3842; baseline 0 1667"><span class='ocrx_word' id='word_1_321' title='bbox 1873 3833 2039 3842; x_wconf 95' lang='lat' dir='ltr'> </span> 
     </span>
    </p>
   </div>
   <div class='ocr_carea' id='block_1_10' title="bbox 1876 3867 2037 3874">
    <p class='ocr_par' dir='ltr' id='par_1_13' title="bbox 1876 3867 2037 3874">
     <span class='ocr_line' id='line_1_39' title="bbox 1876 3867 2037 3874; baseline 0 0"><span class='ocrx_word' id='word_1_322' title='bbox 1876 3867 2037 3874; x_wconf 95' lang='lat' dir='ltr'> </span> 
     </span>
    </p>
   </div>
   <div class='ocr_carea' id='block_1_11' title="bbox 908 3939 1077 3946">
    <p class='ocr_par' dir='ltr' id='par_1_14' title="bbox 908 3939 1077 3946">
     <span class='ocr_line' id='line_1_40' title="bbox 908 3939 1077 3946; baseline 0 0"><span class='ocrx_word' id='word_1_323' title='bbox 908 3939 1077 3946; x_wconf 95' lang='lat' dir='ltr'> </span> 
     </span>
    </p>
   </div>
   <div class='ocr_carea' id='block_1_12' title="bbox 1393 3939 1554 3946">
    <p class='ocr_par' dir='ltr' id='par_1_15' title="bbox 1393 3939 1554 3946">
     <span class='ocr_line' id='line_1_41' title="bbox 1393 3939 1554 3946; baseline 0 0"><span class='ocrx_word' id='word_1_324' title='bbox 1393 3939 1554 3946; x_wconf 95' lang='lat' dir='ltr'> </span> 
     </span>
    </p>
   </div>
   <div class='ocr_carea' id='block_1_13' title="bbox 1086 4199 1248 4206">
    <p class='ocr_par' dir='ltr' id='par_1_16' title="bbox 1086 4199 1248 4206">
     <span class='ocr_line' id='line_1_42' title="bbox 1086 4199 1248 4206; baseline 0 0"><span class='ocrx_word' id='word_1_325' title='bbox 1086 4199 1248 4206; x_wconf 95' lang='lat' dir='ltr'> </span> 
     </span>
    </p>
   </div>
   <div class='ocr_carea' id='block_1_14' title="bbox 247 4461 2789 4879">
    <p class='ocr_par' dir='ltr' id='par_1_17' title="bbox 247 4461 2789 4794">
     <span class='ocr_line' id='line_1_43' title="bbox 247 4461 2789 4532; baseline -0.002 -14"><span class='ocrx_word' id='word_1_326' title='bbox 247 4463 394 4518; x_wconf 87' lang='lat' dir='ltr'>Ecce</span> <span class='ocrx_word' id='word_1_327' title='bbox 433 4463 586 4532; x_wconf 89' lang='lat' dir='ltr'>quod</span> <span class='ocrx_word' id='word_1_328' title='bbox 623 4462 686 4517; x_wconf 88' lang='lat' dir='ltr'>in</span> <span class='ocrx_word' id='word_1_329' title='bbox 720 4462 890 4516; x_wconf 81' lang='lat' dir='ltr'>huius</span> <span class='ocrx_word' id='word_1_330' title='bbox 931 4461 1178 4530; x_wconf 85' lang='lat' dir='ltr'>exempli</span> <span class='ocrx_word' id='word_1_331' title='bbox 1216 4461 1422 4529; x_wconf 85' lang='lat' dir='ltr'>quinta</span> <span class='ocrx_word' id='word_1_332' title='bbox 1456 4461 1661 4516; x_wconf 89' lang='lat' dir='ltr'>notula</span> <span class='ocrx_word' id='word_1_333' title='bbox 1695 4464 1955 4515; x_wconf 87' lang='lat' dir='ltr'>mutatur</span> <span class='ocrx_word' id='word_1_334' title='bbox 1990 4461 2135 4515; x_wconf 78' lang='lat' dir='ltr'>utin</span> <span class='ocrx_word' id='word_1_335' title='bbox 2158 4479 2218 4514; x_wconf 83' lang='lat' dir='ltr'>re</span> <span class='ocrx_word' id='word_1_336' title='bbox 2254 4461 2657 4516; x_wconf 87' lang='lat' dir='ltr'>descendendo</span> <span class='ocrx_word' id='word_1_337' title='bbox 2682 4478 2789 4531; x_wconf 87' lang='lat' dir='ltr'>per</span> 
     </span>
     <span class='ocr_line' id='line_1_44' title="bbox 247 4547 2787 4621; baseline -0 -16"><span class='ocrx_word' id='word_1_338' title='bbox 247 4551 568 4621; x_wconf 87' lang='lat' dir='ltr'>regularem</span> <span class='ocrx_word' id='word_1_339' title='bbox 605 4552 665 4605; x_wconf 90' lang='lat' dir='ltr'>et</span> <span class='ocrx_word' id='word_1_340' title='bbox 699 4550 978 4604; x_wconf 89' lang='lat' dir='ltr'>directam</span> <span class='ocrx_word' id='word_1_341' title='bbox 1002 4548 1400 4603; x_wconf 89' lang='lat' dir='ltr'>mutationem.</span> <span class='ocrx_word' id='word_1_342' title='bbox 1459 4553 1524 4602; x_wconf 90' lang='lat' dir='ltr'>In</span> <span class='ocrx_word' id='word_1_343' title='bbox 1550 4549 1804 4602; x_wconf 79' lang='lat' dir='ltr'>secunda</span> <span class='ocrx_word' id='word_1_344' title='bbox 1827 4551 2022 4602; x_wconf 86' lang='lat' dir='ltr'>autem</span> <span class='ocrx_word' id='word_1_345' title='bbox 2047 4547 2285 4602; x_wconf 76' lang='lat' dir='ltr'>alterius</span> <span class='ocrx_word' id='word_1_346' title='bbox 2313 4547 2561 4617; x_wconf 88' lang='lat' dir='ltr'>exempli</span> <span class='ocrx_word' id='word_1_347' title='bbox 2584 4548 2787 4604; x_wconf 82' lang='lat' dir='ltr'>notula</span> 
     </span>
     <span class='ocr_line' id='line_1_45' title="bbox 247 4635 2785 4706; baseline -0.001 -14"><span class='ocrx_word' id='word_1_348' title='bbox 247 4641 504 4693; x_wconf 89' lang='lat' dir='ltr'>mutatur</span> <span class='ocrx_word' id='word_1_349' title='bbox 539 4637 936 4706; x_wconf 81' lang='lat' dir='ltr'>irregulariter</span> <span class='ocrx_word' id='word_1_350' title='bbox 974 4639 1033 4690; x_wconf 88' lang='lat' dir='ltr'>et</span> <span class='ocrx_word' id='word_1_351' title='bbox 1068 4635 1351 4690; x_wconf 90' lang='lat' dir='ltr'>indirecte</span> <span class='ocrx_word' id='word_1_352' title='bbox 1387 4641 1446 4688; x_wconf 78' lang='lat' dir='ltr'>ut</span> <span class='ocrx_word' id='word_1_353' title='bbox 1479 4635 1541 4690; x_wconf 88' lang='lat' dir='ltr'>in</span> <span class='ocrx_word' id='word_1_354' title='bbox 1576 4654 1636 4689; x_wconf 83' lang='lat' dir='ltr'>re</span> <span class='ocrx_word' id='word_1_355' title='bbox 1679 4635 1906 4688; x_wconf 85' lang='lat' dir='ltr'>scilicet</span> <span class='ocrx_word' id='word_1_356' title='bbox 1942 4635 2323 4691; x_wconf 86' lang='lat' dir='ltr'>ascendendo.</span> <span class='ocrx_word' id='word_1_357' title='bbox 2398 4636 2555 4690; x_wconf 88' lang='lat' dir='ltr'>Haec</span> <span class='ocrx_word' id='word_1_358' title='bbox 2590 4637 2785 4690; x_wconf 84' lang='lat' dir='ltr'>autem</span> 
     </span>
     <span class='ocr_line' id='line_1_46' title="bbox 247 4723 2303 4794; baseline -0.001 -15"><span class='ocrx_word' id='word_1_359' title='bbox 247 4724 423 4780; x_wconf 82' lang='lat' dir='ltr'>latius</span> <span class='ocrx_word' id='word_1_360' title='bbox 461 4723 998 4793; x_wconf 85' lang='lat' dir='ltr'>rationabiliterque</span> <span class='ocrx_word' id='word_1_361' title='bbox 1034 4724 1095 4778; x_wconf 89' lang='lat' dir='ltr'>in</span> <span class='ocrx_word' id='word_1_362' title='bbox 1133 4723 1317 4794; x_wconf 86' lang='lat' dir='ltr'>primo</span> <span class='ocrx_word' id='word_1_363' title='bbox 1353 4723 1609 4778; x_wconf 78' lang='lat' dir='ltr'>Praticac</span> <span class='ocrx_word' id='word_1_364' title='bbox 1644 4725 1876 4778; x_wconf 81' lang='lat' dir='ltr'>nostrae</span> <span class='ocrx_word' id='word_1_365' title='bbox 1914 4725 2117 4793; x_wconf 86' lang='lat' dir='ltr'>aperta</span> <span class='ocrx_word' id='word_1_366' title='bbox 2152 4726 2303 4777; x_wconf 82' lang='lat' dir='ltr'>sunt.</span> 
     </span>
    </p>

    <p class='ocr_par' dir='ltr' id='par_1_18' title="bbox 350 4827 2373 4879">
     <span class='ocr_line' id='line_1_47' title="bbox 350 4827 2373 4879; baseline -0 -9"><span class='ocrx_word' id='word_1_367' title='bbox 350 4828 554 4871; x_wconf 81' lang='lat' dir='ltr'>Beihefte</span> <span class='ocrx_word' id='word_1_368' title='bbox 582 4829 658 4870; x_wconf 85' lang='lat' dir='ltr'>der</span> <span class='ocrx_word' id='word_1_369' title='bbox 684 4828 800 4871; x_wconf 80' lang='lat' dir='ltr'><strong>IMG.</strong></span> <span class='ocrx_word' id='word_1_370' title='bbox 839 4829 894 4870; x_wconf 90' lang='lat'>11.</span> <span class='ocrx_word' id='word_1_371' title='bbox 2338 4827 2373 4879; x_wconf 87' lang='lat'><strong>3</strong></span> 
     </span>
    </p>
   </div>
  </div>
 </body>
</html>
