3592 5509
1838 378 2269 442 *38*

788 554 857 621 in
917 576 960 619 a
988 555 1273 620 la-m-i-re
1334 574 1402 617 rc
1460 556 1571 647 aut
1629 554 1727 617 mi
1793 560 2117 634 tenemus,
2186 554 2413 616 cantus
2470 572 2589 635 per
2648 549 2883 615 saltum
2942 550 3022 615 ad
3074 570 3109 613 c
3144 549 3337 633 fa-ut

791 662 1188 745 remittatur3
1237 666 1390 727 tunc
1435 662 1500 725 la
1545 664 1644 726 est
1684 660 2126 745 accipiendum
2176 664 2241 725 et
2272 659 2507 725 dicitur
2550 660 2647 723 mi
2675 660 2739 723 la
2766 664 2845 723 ut
2886 662 2999 723 aut
3039 679 3109 722 re
3138 658 3205 722 la
3232 662 3327 721 ut.

789 770 998 837 Aliter
1043 775 1259 836 autem
1305 790 1499 853 supra
1546 769 1848 852 diapente
1895 790 2150 852 semper
2196 767 2514 833 disiuncta
2558 767 2687 832 fiet.

964 878 1093 945 Sed
1137 878 1487 943 videndum
1527 878 1720 943 nobis
1767 882 1884 962 est,
1936 877 2106 961 quod
2153 881 2292 941 erat
2334 876 2756 960 probandum,
2814 879 3031 941 utrum
3072 873 3333 941 scilicet

791 988 1016 1053 decem
1070 990 1136 1053 et
1189 990 1337 1051 octo
1392 986 1784 1051 mutationes
1837 985 1906 1050 in
1966 1007 2354 1069 unoquoque
2411 984 2702 1051 locorum
2758 1006 2876 1068 per
2931 1005 3123 1049 voces
3176 1005 3331 1049 con-

795 1095 1047 1160 iunctas
1092 1095 1233 1160 fieri
1275 1093 1564 1179 possint?
1651 1093 1838 1172 Quod
1881 1093 1937 1158 si
1968 1094 2135 1159 bene
2181 1092 2561 1177 inspiciatur
2604 1093 2830 1179 figura,
2878 1091 3187 1157 facillime
3234 1090 3332 1155 di-

795 1206 1160 1290 gnoscetur,
1211 1204 1382 1287 quod
1411 1202 1622 1268 solum
1650 1203 1719 1267 in
1749 1204 1794 1267 d
1820 1204 2023 1284 sol-re,
2067 1224 2109 1286 9
2140 1204 2437 1267 sol-re-ut
2479 1205 2545 1266 et
2576 1221 2797 1265 eorum
2829 1200 3072 1266 octavis
3105 1199 3331 1264 decem

793 1316 859 1377 et
888 1315 1034 1377 octo
1080 1311 1238 1376 fient
1266 1312 1678 1392 mutationes,
1729 1310 2034 1395 quoniam
2078 1310 2148 1375 in
2179 1309 2281 1374 his
2327 1309 2775 1374 tantummodo
2820 1309 2981 1374 locis
3018 1330 3131 1373 sex
3174 1306 3329 1371 illae

794 1442 986 1486 voces
1032 1420 1391 1504 aequaliter
1435 1423 1587 1484 sunt
1631 1418 2003 1501 collocatae,
2051 1422 2125 1483 ut
2167 1422 2350 1501 patet
2400 1418 2469 1482 in
2512 1417 2736 1504 figura.
2828 1416 2907 1482 In
2951 1416 3097 1483 aliis
3154 1438 3327 1498 vero,

792 1529 1098 1613 quoniam
1141 1550 1272 1595 non
1319 1549 1542 1594 omnes
1588 1548 1779 1594 voces
1834 1528 1904 1592 in
1951 1527 2177 1592 eadem
2221 1527 2398 1591 linea
2442 1527 2852 1611 conveniunt,
2912 1526 3027 1591 sed
3072 1525 3330 1609 aliquae

792 1637 1076 1722 altiores,
1125 1636 1379 1721 aliquae
1426 1657 1578 1702 vero
1622 1639 1951 1720 ponuntur
2003 1634 2363 1719 inferiores,
2420 1657 2551 1704 non
2607 1656 2830 1701 omnes
2890 1634 3049 1700 fient
3106 1635 3329 1700 decem

793 1749 858 1811 et
904 1750 1067 1812 octo.
1160 1744 1237 1809 In
1282 1767 1314 1810 e
1342 1745 1533 1809 lev-‘mi
1577 1765 1751 1830 ergo,
1811 1744 1926 1809 ubi
1967 1744 2045 1828 fa
2090 1747 2156 1808 et
2199 1749 2279 1809 ut
2318 1748 2470 1810 sunt
2524 1743 2853 1824 inferiora,
2914 1765 3071 1808 non.
3105 1743 3334 1808 decem

792 1858 858 1920 et
903 1860 1048 1919 octo
1095 1854 1210 1919 sed
1253 1858 1507 1919 tantum
1555 1856 1743 1917 erunt
1791 1852 1871 1915 12
1903 1852 2027 1917 hoc
2072 1852 2291 1917 modo:
2344 1874 2422 1916 ex
2465 1854 2530 1917 la
2574 1874 2703 1929 sex,
2761 1852 2876 1917 sed
2924 1874 3001 1917 ex
3044 1853 3139 1916 sol
3180 1856 3331 1917 tan-

791 1966 931 2027 tum
989 1963 1152 2027 duae
1207 1962 1456 2026 scilicet
1505 1963 1598 2026 sol
1624 1983 1708 2043 re,
1758 1982 1827 2025 re
1855 1962 1962 2044 sol,
2024 1961 2329 2045 quoniam
2384 1982 2593 2044 neque
2650 1982 2794 2025 cum
2836 1962 2913 2046 fa
2971 1959 3331 2026 combinari

791 2073 1009 2153 potest
1064 2092 1273 2154 neque
1319 2092 1464 2135 cum
1508 2075 1608 2149 ut;
1674 2092 1752 2133 ex
1794 2070 1894 2133 mi
1937 2090 2082 2134 cum
2126 2090 2196 2133 re
2252 2068 2621 2135 combinata
2675 2068 2841 2133 aliae
2903 2069 3066 2133 duae
3124 2072 3191 2133 et
3236 2068 3329 2131 sic

795 2181 946 2242 sunt
993 2177 1090 2261 10,
1150 2178 1264 2243 sed
1307 2178 1383 2262 fa
1427 2199 1572 2243 cum
1625 2182 1704 2242 ut
1755 2178 1908 2261 quia
1963 2176 2134 2242 inter
2190 2177 2519 2261 aequales,
2579 2177 2735 2242 licet
2788 2199 2932 2241 cum
2991 2176 3137 2241 aliis
3200 2175 3331 2241 sint

793 2286 1187 2371 inaequales,
1235 2286 1398 2351 alias
1452 2285 1837 2351 habebimus
1885 2288 2028 2369 (pag.
2064 2288 2148 2371 30)
2197 2286 2355 2351 duas
2412 2290 2478 2350 et
2530 2286 2620 2351 sic
2670 2289 2858 2350 erunt
2905 2285 3003 2349 12.
3098 2284 3207 2349 Sic
3266 2289 3331 2349 et

790 2393 858 2458 in
889 2395 932 2478 f
949 2396 1147 2479 fa-ut,
1195 2394 1310 2459 ubi
1352 2396 1417 2459 la
1461 2397 1527 2459 et
1568 2395 1667 2458 mi
1709 2398 1860 2459 sunt
1902 2394 2296 2478 inaequaleS,
2344 2397 2598 2459 tantum
2646 2394 2727 2457 12
2771 2393 3160 2458 habebimus
3204 2391 3329 2457 hoc

791 2501 1017 2569 modo:
1073 2504 1137 2566 la
1164 2504 1278 2586 mi,
1324 2503 1513 2567 mila
1554 2505 1810 2567 tantum
1856 2502 2021 2566 duae
2067 2506 2235 2585 sunt,
2297 2502 2412 2567 sed
2459 2524 2537 2566 ex
2580 2504 2673 2567 sol
2714 2502 2755 2566 6
2800 2502 3142 2586 provenire
3197 2522 3329 2565 non

793 2610 1162 2675 dubitamus
1221 2614 1287 2675 et
1341 2632 1420 2675 ex
1475 2609 1955 2675 combinatione
2011 2610 2087 2694 fa
2142 2632 2287 2675 cum
2340 2617 2421 2675 ut
2473 2615 2538 2675 et
2592 2632 2660 2675 re
2716 2632 2862 2675 cum
2919 2616 2999 2675 ut
3048 2613 3329 2694 quatuor

794 2717 1049 2783 evenire
1096 2722 1342 2783 certum
1389 2722 1520 2798 est3
1580 2718 1782 2805 igitur
1838 2717 2192 2783 duodecim.
2286 2718 2395 2783 Sic
2438 2718 2506 2783 in
2552 2723 2583 2783 ε’
2611 2720 2815 2802 la-mi,
2881 2719 2995 2784 sed
3046 2718 3116 2783 in
3162 2740 3207 2782 a
3236 2720 3330 2783 la-

791 2828 1000 2911 mi-re,
1050 2826 1161 2892 ubi
1206 2827 1415 2893 solum
1458 2828 1534 2912 fa
1581 2831 1680 2891 est
1729 2826 2091 2911 inaequale,
2142 2827 2627 2911 quatuordecim
2675 2831 2877 2892 erunt.
2970 2827 3111 2891 Hoc
3158 2827 3329 2911 ideo,

794 2936 945 3020 quia
1010 2939 1286 3019 quatuor
1347 2957 1492 2999 cum
1552 2957 1628 3000 eo
1677 2940 1861 3000 erant
1914 2934 2163 3001 fiendae
2220 2936 2467 3000 scilicet
2518 2938 2611 3000 sol
2636 2936 2730 3020 fa,
2774 2937 2851 3021 fa
2879 2938 2971 3000 sol
3017 2939 3083 2999 et
3124 2936 3205 3019 fa
3234 2941 3329 3017 ut,

798 3050 877 3108 ut
901 3044 978 3128 fa
1024 3048 1090 3109 et
1131 3044 1201 3107 in
1246 3065 1280 3108 c
1307 3044 1614 3128 sol-fa-ut
1654 3042 1969 3108 similiter.
2061 3043 2151 3108 At
2201 3043 2270 3108 in
2348 3030 2381 3105 b
2404 3044 2480 3128 fa
2516 3036 2667 3119 &mi
2712 3044 3046 3109 duodecim
3110 3047 3179 3107 et
3238 3043 3338 3107 ita

797 3152 867 3214 in
914 3171 1135 3216 eorum
1180 3150 1443 3235 octaviS,
1492 3154 1566 3215 ut
1610 3152 1881 3236 quisque
1926 3174 2042 3235 per
2088 3173 2156 3216 se
2203 3156 2378 3216 recte
2425 3151 2668 3235 poterit
2712 3152 2948 3217 videre.

969 3259 1261 3343 Apparet
1303 3258 1504 3345 igitur
1551 3282 1629 3324 ex
1670 3258 1793 3343 hin,
1854 3260 2055 3343 quod¹
2104 3282 2234 3325 non
2290 3260 2589 3325 omnibus
2648 3261 2716 3325 in
2772 3260 2933 3325 locis
2984 3264 3061 3325 18
3120 3264 3337 3325 muta-

797 3367 1010 3432 tiones
1053 3367 1238 3447 fiant3
1287 3368 1378 3432 sic
1426 3372 1490 3433 et
1535 3373 1804 3451 apparet
1849 3367 2099 3433 falsitas
2154 3390 2382 3433 manus
2429 3367 2775 3452 perfectae,
2837 3369 2985 3452 quia
3042 3391 3173 3433 non
3232 3374 3337 3433 est

797 3474 1090 3558 perfecta
1133 3475 1341 3540 tribus
1397 3474 1725 3559 diapason,
1785 3476 2089 3559 quoniam
2146 3476 2398 3541 excedit
2448 3498 2563 3559 per
2617 3476 3048 3541 semitonium.
3139 3476 3339 3541 Esset

798 3584 970 3647 enim
1013 3582 1324 3667 perfecta,
1383 3583 1439 3646 si
1482 3582 1597 3647 illa
1640 3605 1766 3647 vox
1819 3583 2049 3648 ultima
2102 3583 2344 3648 ordinis
2400 3584 2818 3649 accidentalis
2882 3584 3127 3649 sinistri
3186 3588 3337 3649 tan-

793 3695 932 3755 tum
965 3691 1235 3755 distaret
1272 3713 1390 3774 per
1434 3690 1847 3757 semitonium
1880 3716 1917 3755 a
1949 3714 2065 3756 sua
2093 3692 2472 3778 propinqua,
2525 3697 2589 3757 et
2632 3697 2786 3758 tunc
2815 3692 3061 3757 faceret
3106 3698 3338 3759 contra

791 3798 1004 3883 ipsum
1062 3798 1494 3864 Guidonem
1554 3821 1832 3885 suosque
1894 3823 2228 3885 sequaces,
2294 3802 2445 3884 quia
2508 3800 2757 3866 scilicet
2808 3802 2979 3866 inter
3020 3804 3115 3866 sol
3158 3805 3226 3867 et
3266 3804 3339 3867 la

794 3929 924 3973 non
969 3907 1109 3972 toni
1155 3908 1268 3972 sed
1314 3907 1642 3973 semitonii
1686 3912 1939 3974 tantum
1988 3914 2159 3974 esset
2204 3909 2527 3973 distantia.

965 4015 1338 4081 Notandum
1381 4015 1583 4102 igitur
1628 4040 1707 4081 ex
1754 4016 1906 4097 hoc,
1966 4018 2137 4102 quod
2199 4023 2459 4082 cantare
2514 4040 2631 4101 per
2689 4020 2978 4084 ordinem
3036 4018 3337 4084 acciden-

794 4124 993 4189 talem
1042 4124 1389 4208 aliquando
1442 4124 1616 4190 idem
1665 4130 1762 4190 est
1809 4126 1980 4209 quod
2026 4147 2142 4209 per
2184 4126 2565 4191 naturalem.
2658 4125 2813 4192 Sola
2856 4132 2952 4193 est
2997 4128 3337 4213 signorum

797 4238 862 4297 et
906 4233 1223 4297 linearum
1271 4234 1654 4317 differentia,
1713 4234 1885 4318 quod
1930 4234 2343 4299 semitonium
2397 4257 2527 4299 non
2586 4236 2812 4301 eodem
2865 4235 3008 4302 loco
3063 4258 3337 4320 respon·

793 4342 943 4405 deat
1000 4345 1074 4405 ut
1130 4342 1198 4405 in
1251 4341 1548 4407 naturali.
1643 4341 1812 4405 Nam
1873 4342 1928 4406 si
1984 4342 2053 4406 in
2112 4342 2393 4408 naturali
2448 4344 2671 4408 ordine
2718 4343 3133 4409 semitonium
3192 4350 3338 4409 erat

793 4450 874 4514 ab
921 4472 952 4513 e
994 4449 1064 4514 in
1106 4450 1159 4533 f,
1214 4471 1332 4533 per
1385 4451 1642 4537 signum
1698 4437 1835 4513 bin
1893 4451 2115 4516 eadem
2172 4474 2203 4514 e
2257 4451 2541 4534 positum
2603 4453 2983 4535 deprimitur
3043 4456 3108 4517 et
3165 4452 3242 4516 fit
3296 4477 3338 4517 a

966 4687 983 4722 1
1020 4686 1307 4751 quoniam.
