3592 5509
1806 377 2232 442 —70—

758 551 949 616 Nona
991 551 1218 638 regula
1264 552 1342 617 de
1389 555 1617 617 octava
1662 550 2093 617 ascendendo:

930 653 1069 710 Post
1104 657 1367 709 octavam
1405 653 1626 722 quinta,
1664 653 1713 710 si
1751 657 1957 710 cantus
1993 653 2320 710 intenditur
2355 673 2484 710 una.

930 739 990 794 Si
1028 743 1293 808 quartam
1330 740 1424 796 vel
1461 741 1758 809 quintam1
1791 741 2096 810 psal-(pag.
2122 739 2294 806 57)lit,
2332 740 2567 795 tertiam
2604 741 2728 797 iure
2765 741 2969 812 poscit.

758 831 1031 896 Decima
1073 831 1303 918 regula
1348 833 1425 896 de
1472 837 1701 897 octava
1747 831 2219 897 descendendo:

932 933 1149 989 Octava
1188 935 1485 1003 decimam,
1524 935 1573 989 si
1611 935 1799 990 solum
1838 935 2080 1005 deponit
2117 952 2303 990 unam.

929 1020 1127 1075 Tertia
1164 1021 1214 1075 si
1250 1020 1443 1089 fuerit,
1482 1024 1623 1076 tunc
1659 1021 2002 1077 duodecima
2037 1022 2153 1077 fiet.

758 1110 1115 1176 Undecima
1158 1113 1387 1200 regula
1432 1112 1511 1177 de
1559 1113 1808 1177 decima
1853 1112 2284 1178 ascendendo:

932 1213 1168 1271 Decima
1202 1216 1328 1271 vult
1364 1218 1643 1282 octavam,
1682 1231 1860 1270 unam
1897 1215 2201 1271 dumtaxat
2235 1215 2539 1271 intensam.

931 1301 1102 1356 Plura
1139 1302 1189 1356 si
1226 1301 1601 1371 transcendit,
1640 1305 1779 1357 tunc
1818 1302 2024 1371 quinta
2059 1302 2252 1358 locum
2284 1302 2541 1358 habebit.

760 1391 1162 1458 Duodecima
1205 1394 1432 1480 regula
1478 1394 1555 1458 de
1603 1394 1854 1459 decima
1900 1393 2372 1459 descendendo:

931 1495 1175 1566 Decima·
1207 1497 1560 1552 descendens
1602 1497 2001 1552 duodecimam
2039 1496 2200 1566 cupit
2233 1496 2464 1552 habere.

760 1587 1032 1651 Decima
1075 1588 1272 1652 tertia
1314 1588 1543 1675 regula
1587 1588 1666 1652 de
1714 1588 2096 1652 duodecima
2141 1587 2572 1652 ascendendo:

933 1690 1120 1744 Unam
1154 1689 1465 1745 intendens
1504 1690 1846 1746 duodecima
1883 1690 2166 1746 decimam
2201 1689 2445 1758 quaerit,

935 1775 1213 1830 Octavam
1248 1776 1425 1831 tertia
1463 1780 1797 1845 quartaque,
1835 1777 2043 1844 quinta
2078 1776 2456 1844 quintamque
2495 1777 2847 1844 sequentem.

761 1867 1033 1931 Decima
1079 1872 1309 1951 quarta
1352 1867 1577 1954 regula
1624 1868 1703 1932 de
1748 1869 2128 1934 duodecima
2173 1867 2646 1932 descendendo:

938 1969 1153 2035 Quinta
1191 1987 1320 2024 cum
1357 1970 1580 2026 decima
1614 1974 1749 2040 post
1788 1971 2187 2027 duodecimam
2223 1971 2346 2036 fiat3

938 2055 999 2110 Si
1037 2056 1305 2126 societur,
1343 2057 1521 2112 tertia
1558 2074 1688 2112 cum
1725 2057 1950 2112 decima
1987 2059 2169 2113 detur.

938 2142 1135 2198 Tertia
1172 2161 1301 2198 cum
1340 2144 1563 2198 decima
1600 2143 1858 2211 quintam
1900 2161 2029 2199 cum
2069 2144 2292 2199 decima
2325 2144 2532 2213 poscit.

940 2233 1158 2299 Prima
1212 2236 1437 2322 regula
1491 2237 1583 2300 sic
1636 2236 2072 2322 redarguitur:
2144 2235 2216 2301 Si
2269 2239 2458 2300 tenor
2509 2235 2746 2319 psallat
2788 2236 2832 2319 f
2871 2257 2928 2319 9,
2991 2256 3313 2321 organum

772 2340 865 2404 ita
908 2346 1127 2425 potest
1173 2343 1383 2408 dicere
1428 2345 1473 2428 f
1517 2366 1551 2408 c
1596 2345 1763 2408 sicut
1806 2345 1851 2428 f
1883 2367 1930 2408 e.
2025 2342 2213 2420 Quod
2267 2343 2322 2407 si
2366 2344 2627 2408 tertiam
2673 2342 2979 2425 ascendit,
3019 2342 3110 2407 'ut
3167 2344 3311 2426 ipse

767 2447 939 2531 dicit,
1000 2451 1231 2515 melius
1287 2473 1600 2538 organum
1664 2456 1887 2516 manet
1937 2452 2008 2516 in
2063 2451 2304 2533 tertia„
2342 2473 2534 2535 quam
2591 2451 2786 2515 vadat
2843 2451 2924 2514 ad
2992 2450 3307 2534 quintam.

767 2555 953 2633 Quod
1008 2558 1064 2622 si
1120 2564 1413 2642 quartam
1467 2558 1591 2623 hoc
1636 2560 1829 2624 modo
1879 2582 1922 2644 9
1964 2561 2003 2623 Ic
2054 2564 2260 2641 tenor,
2319 2580 2632 2644 organum
2689 2563 2863 2623 recte
2910 2557 3108 2622 faciet
3159 2581 3203 2642 9
3247 2579 3309 2639 03

772 2666 945 2748 quod
991 2666 1046 2729 si
1092 2641 1394 2752 diapente
1441 2667 1607 2732 sicut
1649 2669 1693 2752 f
1726 2670 1783 2750 Ic,
1833 2689 2148 2753 organum
2192 2667 2287 2731 ita
2331 2671 2506 2731 recte
2551 2666 2749 2732 faciet
2802 2667 2847 2750 f
2879 2666 2924 2750 f
2957 2667 3124 2731 sicut
3177 2667 3222 2750 f
3256 2689 3308 2730 ε.

944 2775 1239 2840 Secunda
1282 2797 1435 2840 vero
1481 2776 1732 2861 regula:
1784 2773 1858 2840 Si
1901 2780 2092 2840 tenor
2121 2775 2454 2840 descendit
2497 2775 2541 2858 f
2558 2776 2618 2856 d,
2653 2796 2967 2860 organum
3009 2775 3105 2838 ita
3138 2775 3312 2838 bene

770 2880 969 2946 faciet
1012 2882 1056 2965 f
1072 2883 1117 2966 f
1152 2882 1319 2946 sicut
1360 2884 1476 2967 fh.
1551 2878 1788 2948 'Tertia
1833 2905 1985 2948 vero
2033 2884 2190 2947 satis
2237 2878 2422 2947 bene.

945 2988 1188 3066 Quarta
1232 3012 1385 3055 vero
1431 2991 1682 3076 regula:
1734 2990 1806 3056 Si
1851 2996 2040 3056 tenor
2082 2991 2320 3075 psallat
2362 2991 2580 3075 fede,
2633 3013 2948 3077 organum
2990 2991 3086 3054 ita
3130 3000 3310 3054 recte

769 3096 966 3162 faciet
1008 3099 1051 3161 h
1078 3089 1177 3181 9&
1212 3100 1252 3162 k
1295 3098 1461 3163 sicut
1502 3102 1545 3164 h
1569 3121 1613 3183 9
1633 3100 1678 3183 f
1682 3121 1741 3183 9.
1851 3099 2167 3164 Similiter
2211 3100 2266 3163 si
2310 3103 2499 3163 tenor
2540 3098 2770 3163 fecerit
2812 3099 2857 3183 f
2883 3098 2940 3180 d,
2991 3119 3308 3184 organum

768 3204 865 3268 ita
908 3205 1075 3270 bene
1120 3206 1317 3272 faciet
1359 3209 1402 3272 h
1443 3208 1487 3272 k
1531 3207 1698 3273 sicut
1739 3210 1782 3272 h
1827 3209 1864 3272 l.

946 3312 1185 3390 Quinta
1230 3315 1455 3400 regula
1499 3316 1887 3400 reprobatur
1931 3315 2247 3396 similiter,
2298 3316 2464 3398 quia,
2515 3314 2569 3379 si
2615 3318 2803 3378 tenor
2845 3313 3142 3397 psallerit
3182 3314 3228 3397 f
3247 3315 3304 3392 h,

773 3442 1085 3506 organum
1131 3422 1225 3485 ita
1269 3423 1433 3487 bene
1481 3423 1721 3488 faciet2
1766 3427 1833 3487 et
1875 3423 2107 3488 melius
2163 3425 2202 3487 k
2245 3423 2289 3506 f
2323 3421 2427 3486 vel
2480 3424 2518 3485 k
2561 3424 2600 3485 k
2645 3443 2837 3507 quam
2881 3423 2920 3485 k
2962 3423 3020 3486 h.
3113 3421 3199 3484 Et
3255 3423 3310 3484 si

771 3533 960 3594 tenor
1002 3531 1047 3592 d
1086 3532 1148 3613 h,
1196 3551 1509 3616 organum
1553 3532 1647 3596 ita
1693 3532 1859 3596 bene
1907 3531 2078 3595 dicet
2121 3532 2160 3594 h
2192 3531 2236 3614 f
2271 3531 2436 3594 sicut
2479 3531 2520 3593 lz
2564 3530 2606 3593 h
2655 3533 2718 3593 et
2751 3529 3137 3612 quandoque
3183 3530 3224 3592 Iz
3247 3530 3304 3610 lc,

774 3638 891 3701 sed
935 3658 1081 3701 raro
1127 3637 1253 3701 nisi
1296 3639 1673 3703 variationis
1720 3661 1929 3703 causa.

948 3743 1148 3808 Sexta
1191 3745 1419 3832 regula
1464 3746 1619 3810 satis
1665 3748 1832 3811 bene
1879 3745 2127 3811 transit.
2223 3744 2460 3809 Verum
2506 3745 2562 3808 si
2607 3749 2796 3810 tenor
2839 3744 3136 3828 psallerit
3178 3745 3222 3828 f
3257 3766 3304 3825 ο,

772 3843 1087 3940 organum
1140 3853 1235 3918 ita
1287 3855 1453 3919 bene
1499 3857 1537 3918 k
1565 3856 1604 3918 k
1658 3854 1824 3918 sicut
1868 3855 1906 3918 k
1934 3877 2018 3917 m.
2115 3852 2430 3918 Similiter
2475 3854 2530 3916 si
2569 3875 2612 3937 9
2656 3875 2688 3917 c
2731 3858 2937 3933 tenor,
2995 3874 3308 3938 organum

772 3961 866 4024 ita
911 3962 1076 4025 bene
1123 3963 1146 4024 l
1186 3964 1225 4025 Ic
1269 3962 1435 4026 sicut
1478 3964 1501 4027 l
1541 3984 1627 4026 m.

947 4069 1242 4154 Septima
1286 4071 1444 4135 satis
1488 4071 1683 4149 bene3
1732 4092 1955 4135 verum
2001 4072 2056 4134 si
2100 4074 2289 4134 tenor
2331 4091 2362 4132 e
2394 4070 2443 4153 f,
2496 4091 2809 4155 organum
2853 4069 2947 4132 ita
2993 4067 3159 4132 bene
3205 4070 3243 4131 k
3272 4069 3311 4131 Ic

773 4176 941 4241 sicut
986 4179 1025 4240 Ic
1058 4179 1117 4260 h,
1170 4178 1319 4260 quia
1366 4201 1444 4242 ex
1488 4182 1671 4242 sexta
1713 4178 1948 4243 minori
1995 4179 2158 4242 bene
2204 4177 2526 4241 tendimus
2571 4178 2640 4240 in
2687 4176 2991 4262 quintam.

950 4284 1195 4351 Octava
1240 4286 1466 4372 regula
1509 4287 1681 4350 bona
1721 4287 1993 4352 videtur.
2089 4284 2218 4350 Sed
2252 4285 2444 4349 etiam
2490 4290 2716 4349 tenore
2765 4285 3016 4350 dicente
3061 4283 3106 4367 f
3125 4289 3164 4347 d
3208 4305 3310 4348 or-

773 4414 1015 4478 ganum
1058 4395 1300 4477 poterit
1344 4394 1555 4459 dicere
1602 4395 1625 4458 l
1666 4395 1689 4457 l
1732 4395 1898 4458 sicut
1942 4396 1965 4457 l
2006 4415 2068 4457 η.

910 4737 913 4741 7
954 4664 972 4699 1
1008 4661 1225 4728 quinta.
1653 4661 1675 4698 2
1712 4661 1869 4714 facit.
