3592 5509
1369 403 1624 467 -43
1725 440 1794 452 -..

328 601 476 644 meo
534 577 658 644 hoc
703 578 965 644 dixerit:
1036 578 1184 643 Non
1237 600 1380 642 sum
1427 598 1550 664 ego
1595 577 1758 642 adeo
1806 575 2037 653 Boetio
2082 575 2419 642 familiaris
2464 575 2630 662 sicut
2671 573 2857 640 iste*.

324 689 494 753 Nam
540 709 664 775 ego
709 688 968 772 quidem
1011 687 1282 771 probavi
1335 686 1406 752 in
1463 687 1712 752 duobus
1773 685 1919 750 aliis
1976 685 2324 773 generibus
2372 707 2512 752 esse
2556 678 2590 765 h
2634 685 2861 750 durum

326 802 391 862 et
432 779 470 855 l?
508 795 706 862 molle
752 797 918 862 sicut
959 795 1029 859 in
1080 795 1226 860 isto.
1326 793 1578 861 Ibidem
1639 795 1811 859 enim
1864 793 2346 860 tetrachordum
2398 815 2859 878 synemmenon

323 907 594 990 reperiri
637 927 768 972 non
816 905 1042 971 dubito
1089 909 1153 969 et
1199 903 1328 969 alia
1369 903 1636 988 partitio
1681 902 1940 969 illorum
1990 908 2103 988 est,
2155 903 2283 968 alia
2325 924 2479 968 vero
2523 901 2728 968 istius.

493 1014 859 1079 Partiamur
904 1013 1074 1080 enim
1119 1011 1530 1078 tetrachorda
1575 1011 1953 1079 chromatici
2014 1035 2133 1097 per
2186 1012 2619 1097 semitonium,
2668 1011 2859 1077 semi-

321 1122 572 1190 tonium
621 1127 686 1188 et
713 1120 1244 1205 trihemitonium,
1292 1120 1415 1187 hoc
1449 1126 1570 1188 est:
1632 1122 1913 1207 primum
1943 1120 2357 1188 intervallum
2390 1124 2488 1187 est
2533 1121 2861 1186 semitonii

331 1236 396 1297 et
440 1231 790 1296 secundum
836 1229 1180 1314 semitonii,
1231 1231 1346 1296 sed
1388 1231 1653 1295 tertium
1701 1235 1800 1295 est
1843 1229 2271 1296 trihemitonii
2303 1229 2437 1295 sive
2470 1229 2857 1295 semiditoni.

320 1338 828 1405 Enharmonium
873 1361 1025 1404 vero
1071 1360 1276 1426 genus
1321 1338 1736 1404 semitonium
1796 1338 2027 1404 dividit
2082 1339 2152 1403 in
2199 1338 2354 1403 duas
2399 1317 2637 1422 partes,
2696 1358 2859 1421 quae

323 1449 531 1515 dieses
579 1448 1003 1535 appellantur,
1053 1452 1119 1513 et
1161 1447 1256 1512 sic
1302 1448 1427 1513 duo
1473 1447 1684 1532 spatia
1725 1447 1936 1531 prima
1992 1447 2281 1534 singulas
2337 1446 2573 1512 dieses·
2600 1449 2853 1524 tenent3

321 1562 390 1623 at
433 1579 588 1623 vero
631 1556 897 1622 tertium
941 1555 1354 1622 intervallum
1411 1552 1740 1622 ditonum1
1800 1555 2227 1640 amplectitur.
2326 1555 2427 1620 De
2481 1554 2582 1619 his
2642 1558 2860 1621 tamen

321 1665 672 1754 generibus
715 1663 881 1730 nihil
911 1665 994 1730 ad
1022 1687 1328 1749 praesens
1357 1667 1727 1748 tractamus,
1777 1664 2083 1750 quoniam
2112 1663 2180 1728 in
2210 1663 2345 1729 fine
2390 1662 2581 1728 huius
2611 1663 2858 1748 primae

320 1775 524 1861 partis
573 1797 649 1839 ea
692 1773 761 1838 in
805 1772 1156 1858 practicam
1199 1795 1512 1858 ponemus
1557 1772 1799 1841 notulis
1846 1771 2135 1860 signatis.

492 1882 679 1947 Nunc
746 1885 960 1948 autem
1024 1882 1302 1967 qualiter
1367 1904 1497 1947 non
1551 1903 1807 1966 semper
1846 1885 1987 1966 (pag.
2017 1893 2104 1957 33)
2144 1881 2315 1946 inter
2368 1882 2466 1945 mi
2522 1884 2587 1945 et
2637 1881 2713 1965 fa
2766 1880 2852 1945 sit

323 1990 736 2056 semitonium
791 1990 1207 2074 declaremus,
1283 1995 1347 2055 et
1411 1989 1688 2074 qualiter
1745 1990 2138 2057 mutationes
2194 1991 2677 2056 coniunctarum
2730 1988 2859 2053 sint

327 2100 729 2165 necessariae
786 2099 1072 2164 dicemus
1125 2099 1231 2165 vel
1291 2121 1482 2165 voces
1550 2099 1803 2164 tonales
1859 2099 2243 2179 efficientur,
2312 2096 2727 2164 semitonales
2794 2101 2860 2161 et

322 2209 659 2290 ditonales,
707 2207 1192 2274 semiditonales
1238 2213 1304 2274 et
1343 2231 1376 2273 e
1409 2212 1648 2273 contra.
1741 2209 1931 2273 quta
1962 2209 2134 2294 quod
2162 2213 2335 2273 recte
2366 2206 2859 2294 intelligendum

321 2339 483 2404 quae
531 2321 886 2402 sequuntur
930 2317 1274 2405 diligenter
1317 2321 1811 2402 perscrutemur.

1071 2641 1563 2724 capitulum
1626 2641 2101 2723 septimum.

373 2829 812 2925 Reprobans
863 2830 1235 2904 Guidonis
1290 2855 1644 2924 sequaces
1701 2839 1776 2904 et
1828 2832 2215 2904 veritatem
2268 2831 2379 2904 rei
2433 2831 2807 2906 subtiliter

1315 2976 1851 3048 demonstrans,

319 3157 975 3294 PERSORUTATA
1025 3160 1196 3225 enim
1241 3158 1524 3226 musicae
1582 3160 1947 3226 differentia
2002 3166 2193 3245 atque
2252 3165 2591 3245 perspecta
2651 3167 2856 3228 restat

401 3268 859 3352 probandum,
909 3268 1184 3354 qualiter
1228 3290 1419 3336 voces
1465 3269 1716 3336 tonales
1759 3269 1929 3335 fiant
1971 3269 2388 3336 semitonales
2435 3274 2500 3335 et
2542 3292 2575 3334 e
2608 3275 2851 3354 contra,

323 3376 504 3440 iuxta
549 3377 720 3460 quod
763 3377 1111 3461 sciendum,
1162 3379 1334 3464 quod
1379 3383 1605 3444 cantus
1658 3379 1725 3443 in
1774 3401 2061 3459 ascensu,
2119 3384 2193 3444 ut
2246 3379 2401 3444 dicit
2454 3379 2496 3444 J
2507 3378 2854 3444 ohannes

325 3485 412 3549 de
458 3483 913 3569 Villanova,
969 3485 1108 3551 vult
1161 3509 1382 3551 vocem
1439 3487 1781 3582 fortificari
1842 3491 1907 3552 et
1957 3487 2026 3552 in
2082 3488 2391 3554 descensu
2444 3488 2641 3553 molle
2687 3487 2850 3553 fieri.

318 3590 502 3658 Unde
574 3592 730 3657 dicit
789 3590 950 3677 ipse,
1020 3595 1206 3678 quod,
1282 3595 1338 3660 si
1392 3600 1617 3660 cantus
1669 3595 1909 3680 psallat
1962 3618 2005 3660 a
2048 3618 2081 3662 c
2124 3598 2169 3660 d
2212 3600 2277 3662 et
2320 3618 2454 3661 non
2497 3600 2858 3662 revertatur

321 3702 403 3767 ad
462 3724 523 3783 ο,
574 3702 865 3786 quamvis
934 3703 1199 3768 deberet
1254 3703 1381 3768 dici
1434 3726 1504 3768 re
1553 3705 1630 3789 fa
1671 3707 1788 3788 sol,
1848 3709 1920 3770 ut
1980 3705 2136 3771 ordo
2190 3705 2614 3789 demonstrat,
2664 3707 2858 3772 debet

323 3815 542 3876 tamen
589 3810 715 3875 dici
759 3816 839 3874 ut
877 3813 976 3875 mi
1015 3812 1092 3896 fa
1133 3816 1400 3896 propter
1441 3811 1584 3892 hoc,
1651 3814 1803 3897 quia
1846 3836 1889 3877 a
1932 3837 1965 3878 c
2006 3837 2138 3880 non
2185 3819 2284 3881 est
2327 3814 2697 3880 semiditoni
2742 3816 2856 3882 sed

317 3917 524 3984 ditoni
552 3919 997 4003 intercaped03
1057 3924 1168 3984 aut
1195 3919 1464 3985 illismet
1494 3911 1763 3987 vocibus
1791 3921 2039 3988 scilicet
2081 3945 2150 3987 re
2177 3924 2253 4008 fa
2282 3923 2338 3988 si
2382 3925 2855 4007 pronuntietur,

318 4024 569 4091 dicatur
638 4027 896 4092 ditonus
963 4027 1474 4094 subintellectus.
1565 4029 1731 4094 Item
1801 4029 1858 4093 si
1911 4033 2135 4094 cantus
2198 4029 2313 4094 fiat
2374 4029 2467 4094 sic
2516 4051 2560 4114 9
2610 4032 2654 4114 f
2692 4053 2736 4115 y
2792 4034 2856 4095 et

314 4133 547 4198 iterum
614 4157 745 4200 non
815 4139 1044 4222 tangat
1106 4136 1156 4220 f,
1219 4140 1317 4200 est
1371 4136 1787 4202 semitonium
1851 4138 2393 4220 subintellectum,
2468 4112 2852 4224 quamquam

316 4241 565 4307 dicatur
629 4246 722 4308 sol
776 4245 852 4327 fa
909 4247 1002 4308 sol
1067 4244 1201 4309 sive
1273 4267 1342 4310 re
1392 4251 1472 4310 ut
1518 4267 1602 4310 re.
1696 4246 1880 4311 Idem
1957 4268 2095 4311 esse
2174 4247 2525 4312 arbitratur
2598 4269 2855 4331 semper

314 4372 776 4435 synemmenon
805 4352 1104 4433 fiendum,
1141 4375 1285 4418 cum
1314 4358 1464 4438 post
1501 4354 1794 4420 notulam
1824 4356 2103 4440 positam
2132 4355 2201 4420 in
2232 4339 2267 4414 {⁷
2282 4357 2359 4441 fa
2388 4343 2537 4436 kmi
2564 4356 2854 4441 sequitur

486 4631 506 4667 1
543 4628 856 4683 diatonum.

485 4715 514 4750 *
551 4715 660 4770 Hic
697 4732 758 4770 se
795 4716 1043 4772 multum
1077 4716 1262 4773 iactat
1297 4719 1514 4774 auctor.
