3592 5509
1366 415 1797 481 „55-

488 592 763 674 Propter
813 588 981 655 hanc
1036 589 1238 675 igitur
1290 589 1811 655 conformitatem
1866 593 2000 654 tam
2055 588 2126 652 in
2169 610 2240 652 re
2288 610 2481 672 quam
2538 588 2734 653 etiam
2786 587 2855 652 in

316 700 579 765 nomine
627 697 860 764 Graeci
906 695 971 762 et
1018 698 1214 762 etiam
1257 696 1463 761 nostri
1522 695 1771 781 antiqui
1817 701 2070 761 tantum
2117 701 2392 781 quatuor
2452 718 2597 786 esse
2638 697 2858 761 dicunt

317 808 560 889 modos,
611 806 763 890 quia
808 805 1055 889 species
1103 803 1407 888 diapente
1455 803 1855 888 quadruplex
1901 808 2014 868 est.
2092 803 2178 869 Et
2223 803 2315 868 sic
2355 803 2564 887 prima
2609 801 2856 888 species

324 914 687 999 appellatur
724 917 950 996 protus
994 933 1245 998 graece,
1295 913 1467 996 quod
1510 911 1709 976 latine
1752 913 1998 995 primus
2042 910 2529 994 interpretatur,
2578 912 2859 976 secunda

322 1024 623 1088 deuterus
663 1043 913 1107 graece,
959 1020 1161 1086 latine
1203 1020 1547 1099 secundus3
1594 1020 1788 1084 tertia
1832 1019 2024 1084 tritus
2068 1041 2318 1105 graece,
2367 1019 2566 1084 latine
2598 1021 2856 1099 tertius3

329 1134 559 1215 quarta
603 1129 925 1194 tetrardus
945 1132 965 1172 1
1012 1146 1262 1213 graece,
1311 1126 1513 1191 latine
1561 1131 1842 1211 quartus.

496 1241 636 1318 (pag.
672 1241 758 1318 42)
804 1234 1076 1313 Quando
1106 1234 1309 1320 igitur
1336 1239 1561 1318 protus
1597 1234 2001 1300 diatessaron
2030 1233 2231 1300 habet
2261 1255 2454 1324 supra
2485 1257 2574 1318 se,
2623 1234 2857 1300 dicitur

323 1348 548 1428 protus
581 1344 963 1425 autenticuS,
1008 1342 1179 1407 idest
1206 1342 1453 1427 primus
1485 1342 1832 1408 auctoralis
1878 1342 2010 1408 sive
2056 1343 2383 1428 magister.
2478 1342 2608 1407 Sed
2638 1343 2695 1406 si
2726 1342 2861 1405 dia-

320 1456 615 1516 tessaron
676 1450 796 1516 sub
852 1472 921 1514 se
979 1450 1214 1534 recipit
1278 1449 1601 1514 autentica
1665 1471 1892 1514 carens
1961 1449 2348 1534 elevatione,
2415 1447 2626 1535 plagis
2686 1450 2857 1533 proti

322 1562 729 1642 nuncupatur
793 1558 965 1622 idest
1032 1557 1425 1623 collateralis
1493 1558 1598 1622 vel
1665 1556 2041 1642 discipulus,
2121 1562 2194 1622 ut
2261 1558 2482 1622 dicunt
2547 1558 2856 1623 moderni.

324 1664 511 1742 Quod
558 1665 614 1730 si
658 1668 1001 1749 utrumque
1046 1665 1367 1749 habuerit,
1414 1666 1651 1730 mixtus
1699 1665 1964 1730 dicetur.
2059 1664 2167 1730 Sic
2216 1669 2280 1730 et
2325 1667 2403 1731 de
2461 1665 2606 1730 aliis
2651 1666 2859 1731 tribus

321 1772 634 1858 intellige.
729 1772 827 1837 De
882 1771 1004 1837 hac
1066 1777 1285 1837 tamen
1337 1773 1649 1838 mixtione
1710 1795 1881 1837 nunc
1935 1773 2270 1858 superficie
2324 1778 2513 1838 tenus
2569 1773 2856 1854 dicimuS,

324 1881 629 1964 quoniam
672 1883 927 1944 tantum
974 1880 1051 1944 de
1097 1879 1300 1963 ipsius
1336 1879 1649 1963 diapason
1696 1879 2034 1964 speciebus
2081 1884 2454 1962 tractamus,
2505 1903 2582 1945 ex
2628 1882 2859 1965 quibus

319 1986 419 2051 illi
465 1991 611 2052 octo
655 1988 1043 2070 proveniunt
1085 1987 1242 2051 toni.
1337 1985 1609 2064 Quando
1653 2009 1810 2052 vero
1854 1987 1967 2052 isti
2012 1987 2155 2052 toni
2200 2009 2382 2052 suam
2423 1988 2694 2073 quisque
2739 1989 2861 2052 im-

321 2094 507 2178 plent
551 2095 877 2178 diapason,
927 2093 1167 2180 singuli
1195 2093 1467 2178 perfecti
1513 2099 1678 2158 sunt.
1758 2094 2012 2160 sivero
2061 2095 2379 2178 deficiunt,
2431 2100 2581 2159 sunt
2623 2095 2861 2178 imper-

321 2202 505 2282 fecti;
554 2202 609 2266 si
654 2202 1195 2286 superabundant,
1246 2202 1569 2286 superflui.

500 2309 651 2374 Non
719 2314 935 2374 autem
1002 2315 1153 2374 sunt
1218 2309 1862 2394 plusquamperfecti,
1933 2315 2005 2375 ut
2059 2308 2117 2375 U
2131 2311 2440 2396 golinus
2509 2312 2741 2375 asserit
2798 2315 2863 2375 et

321 2416 722 2483 Johannes
777 2418 862 2482 de
908 2418 1172 2500 Muris,
1237 2439 1427 2503 quem
1470 2418 1611 2502 ipse
1666 2418 1940 2483 nimium
1994 2417 2242 2501 laudat,
2305 2441 2378 2483 ac
2423 2418 2860 2484 Marchetus

321 2527 703 2609 reprobatus
751 2549 789 2590 a
832 2524 1031 2590 fratre
1076 2527 1118 2591 J
1129 2525 1223 2590 oh
1238 2548 1428 2590 anne
1443 2529 1485 2590 2.
1578 2526 1721 2612 Ego
1769 2527 1941 2590 enim
1987 2526 2130 2591 dico
2175 2531 2419 2605 tonum,
2479 2528 2590 2612 qui
2632 2527 2863 2610 implet

324 2655 506 2698 suam
564 2634 871 2717 diapason
925 2657 1047 2699 nec
1104 2634 1250 2718 plus
1306 2656 1427 2699 nec
1482 2634 1722 2716 minus,
1789 2655 1928 2698 esse
1985 2633 2362 2718 perfectum.
2456 2633 2582 2712 Qui
2645 2639 2862 2699 autem

326 2740 576 2805 excedit
620 2741 724 2806 vel
771 2740 1001 2823 deficit,
1062 2742 1479 2825 imperfectus
1536 2746 1635 2806 est
1688 2733 2132 2825 superfluitate
2187 2746 2299 2806 aut
2359 2741 2858 2807 diminutione*.

323 2848 493 2913 Istos
544 2848 712 2913 enim
760 2853 905 2914 octo
951 2851 1177 2915 modos
1222 2851 1516 2915 moderni
1568 2851 1661 2915 sic
1706 2850 2056 2934 appellant,
2113 2854 2186 2914 ut
2230 2854 2453 2934 protus
2501 2849 2862 2914 autenticus

332 2955 583 3020 dicatur
626 2957 887 3040 primus,
940 2958 1076 3022 eius
1121 2957 1398 3043 plagalis
1444 2958 1778 3041 secundus,
1839 2959 2141 3022 deuterus
2197 2958 2558 3022 autenticus
2615 2958 2863 3036 tertiuS,

326 3064 462 3128 eius
494 3064 769 3150 plagalis
816 3070 1097 3149 quartus,
1147 3066 1337 3130 tritus
1384 3067 1747 3130 autenticus
1780 3066 2060 3151 quintus,
2112 3066 2248 3130 eius
2293 3065 2570 3151 plagalis
2618 3070 2854 3148 sextuS,

290 3171 648 3237 »tetrardus
695 3173 1057 3238 autenticus
1105 3173 1435 3257 septimuS,
1486 3175 1621 3238 eius
1667 3173 1946 3259 plagalis
1993 3177 2275 3239 octavus.

500 3277 630 3343 Sed
673 3280 1020 3344 videndum
1065 3281 1253 3346 nobis
1310 3285 1431 3364 est,
1496 3283 1818 3366 quomodo
1871 3285 2096 3364 tropus
2151 3265 2285 3345 sive
2339 3282 2568 3345 modus
2620 3279 2864 3344 intelli-

326 3391 545 3472 gatur,
604 3392 820 3452 utrum
882 3388 1131 3453 scilicet
1184 3388 1564 3472 simpliciter
1622 3389 2020 3453 intendendo
2081 3388 2408 3472 diapente,
2456 3373 2862 3453 'intendendo

325 3494 432 3558 vel
493 3495 881 3560 remittendo
950 3496 1375 3578 diatessaron,
1445 3496 1549 3561 vel
1608 3519 1646 3560 a
1704 3496 1914 3580 prima
1976 3517 2134 3561 voce
2193 3495 2367 3560 idest
2425 3483 2505 3560 ab
2567 3494 2863 3560 inferiori

325 3623 529 3686 usque
578 3603 658 3666 ad
704 3603 1100 3687 superiorem
1146 3627 1263 3688 per
1308 3626 1531 3668 omnes
1574 3604 1994 3668 intermedias
2039 3603 2144 3668 vel
2189 3603 2317 3668 alio
2351 3605 2630 3688 quodam
2672 3603 2865 3668 modo

327 3709 414 3774 sit
491 3711 969 3793 procedendum
1046 3711 1115 3776 in
1192 3716 1411 3792 cantu,
1493 3713 1828 3797 quoniam,
1905 3712 2072 3777 sicut
2146 3716 2420 3796 quatuor
2494 3711 2865 3776 differentes

326 3818 682 3902 posuimus,
730 3818 824 3883 ita
868 3820 937 3883 in
983 3824 1176 3884 cantu
1223 3819 1655 3884 differentiam
1700 3823 1985 3898 teneant,
2038 3820 2160 3884 erit
2203 3839 2489 3884 necesse.

503 3923 797 4002 Qualitas
859 3926 1031 3991 enim
1087 3927 1277 3992 unius
1332 3927 1401 3992 in
1455 3928 1720 3992 modum
1776 3927 2088 3992 historiae
2148 3931 2327 3992 recto
2386 3926 2864 4011 tranquilloque

327 4032 535 4096 fertur
576 4033 647 4098 in
692 4021 897 4098 cursu.
974 4035 1161 4099 Alter
1204 4056 1357 4099 vero
1405 4034 1804 4101 anfractibus
1852 4039 1917 4099 et
1961 4035 2236 4100 saltibus
2276 4034 2653 4115 concinitur,
2702 4033 2868 4098 alter

327 4139 642 4226 garrulus
734 4141 919 4206 Alius
979 4147 1196 4206 autem
1254 4164 1515 4207 severus
1568 4141 1638 4206 in
1696 4142 1973 4206 sublime
2032 4163 2259 4207 vocem
2315 4140 2631 4206 extollens
2687 4142 2868 4206 audi-

332 4243 577 4312 entium
618 4248 866 4314 animos
901 4248 1128 4333 elevat,
1172 4237 1339 4314 alter
1366 4271 1520 4313 vero
1551 4249 1842 4333 placidus
1880 4249 2236 4313 laetitiam3
2269 4249 2560 4312 indicans
2591 4269 2860 4313 morum.

506 4459 523 4494 ¹
558 4457 853 4510 tetrartus.

504 4543 528 4580 2
564 4541 833 4598 Gemeint
867 4543 947 4598 ist
982 4543 1312 4599 Johannes
1352 4543 1828 4598 Carthusinus.
1891 4541 2034 4612 (Vgl.
2064 4541 2582 4608 Coussemaker,
2619 4541 2869 4610 Scripto-

326 4643 415 4681 res
453 4627 535 4681 IV
557 4628 715 4683 324a
750 4629 870 4684 und
903 4629 1007 4683 349
1025 4631 1095 4696 b.)
1406 4633 1431 4670 3
1466 4629 1765 4684 lectitiam.

504 4715 535 4748 *
571 4715 731 4770 Haec
767 4715 981 4786 opinio,
1019 4716 1159 4772 licet
1193 4716 1430 4772 veritati
1466 4707 1796 4782 adhaereat,
1837 4715 2008 4770 facile
2029 4717 2244 4785 posset
2280 4713 2626 4784 impugnari.
