3592 5509
1125 1329 1752 1461 Prologus.

137 1585 492 1722 BOETII
573 1585 851 1650 musices
934 1585 1276 1670 disciplina
1358 1587 1638 1671 quinque
1717 1584 2155 1652 voluminibus
2236 1586 2703 1670 comprehensa

289 1694 604 1778 quoniam
647 1693 1170 1777 profundissimis
1217 1692 1664 1759 arithmeticae
1708 1691 2289 1778 philosophiaeque
2322 1693 2704 1759 fundamen-

144 1801 234 1866 tis
282 1801 592 1866 innititur
633 1822 756 1866 nec
799 1799 1043 1885 passim
1089 1802 1172 1867 ab
1219 1801 1515 1866 omnibus
1559 1799 1844 1887 intelligi
1887 1805 2130 1885 potest,
2191 1800 2361 1866 solet
2413 1825 2451 1865 a
2510 1800 2704 1866 semi-

150 1909 366 1974 doctis
428 1908 637 1973 nostri
693 1910 1006 1993 temporis
1067 1909 1437 1974 cantoribus
1499 1930 1626 1993 quo
1686 1909 2021 1976 obscurior
2088 1913 2187 1974 est
2255 1931 2331 1975 eo
2400 1909 2702 1993 sterilior,

153 2017 368 2084 doctis
424 2038 578 2082 vero
638 2020 703 2081 et
757 2015 950 2082 altius
1007 2016 1412 2082 intuentibus
1473 2038 1599 2101 quo
1657 2017 1959 2083 subtilior
2019 2017 2547 2102 probabiliorque
2609 2021 2708 2082 est

157 2149 233 2192 eo
280 2125 533 2190 firmior
575 2123 932 2209 meliorque
977 2125 1210 2209 videri,
1274 2146 1400 2210 quo
1445 2124 1544 2209 fit,
1593 2129 1692 2208 ut,
1741 2125 1909 2190 sicut
1955 2126 2035 2191 ab
2082 2125 2359 2192 indoctis
2403 2125 2707 2212 neglecta

155 2255 418 2317 semper
461 2232 660 2297 fuerit
707 2236 772 2298 et
816 2234 931 2316 sit,
990 2232 1085 2297 ita
1140 2234 1310 2318 apud
1367 2233 1707 2318 peritiores
1761 2234 1834 2299 in
1886 2255 2124 2320 magno
2180 2234 2391 2319 pretio
2448 2256 2706 2320 semper

155 2342 386 2407 habita
433 2342 520 2405 sit
565 2346 631 2406 et
673 2340 1010 2407 habeatur.

267 2495 276 2502 κ
333 2447 524 2514 Unde
556 2471 694 2533 noa,
744 2450 854 2534 qui
900 2449 1199 2515 omnibus
1244 2449 1551 2534 prodesse
1601 2453 1666 2514 et
1711 2447 1958 2534 aliquid
1996 2449 2064 2514 in
2094 2470 2500 2516 communem
2532 2450 2709 2515 utili·

161 2558 366 2622 tatem
397 2557 691 2624 conferre
724 2558 1072 2640 studemus,
1100 2556 1226 2622 hoc
1255 2555 1440 2623 brevi
1471 2557 1853 2642 compendio
1884 2557 2093 2623 tribus
2123 2558 2367 2623 libellis
2399 2559 2708 2624 distincto

162 2665 603 2751 prolixitatem
652 2665 789 2730 eius
833 2663 904 2729 in
950 2669 1312 2750 angustum,
1365 2664 1781 2748 asperitatem
1814 2666 1882 2730 in
1912 2665 2195 2751 planum,
2247 2667 2710 2732 obscuritatem

162 2775 230 2839 in
274 2773 486 2839 lucem
532 2773 915 2839 reducentes
959 2772 1250 2858 nihilque
1294 2773 1466 2857 quod
1497 2773 1579 2837 ad
1609 2777 1812 2838 artem
1848 2795 2162 2858 usumque
2193 2773 2394 2838 faciat
2422 2778 2711 2858 praeter-

164 2883 500 2947 mittentes
549 2884 614 2945 et
658 2879 1030 2946 cantoribus
1090 2901 1250 2965 quos
1295 2880 1616 2964 practicos
1664 2885 1730 2945 et
1774 2881 2257 2966 speculantibus
2318 2903 2479 2967 quos
2524 2881 2711 2948 theo—

164 2991 336 3056 ricos
397 3011 630 3076 graece
692 2989 964 3054 dicimus
1027 3009 1186 3072 opus
1235 2989 1592 3053 admodum
1648 2988 1809 3054 utile
1872 2989 2371 3072 construximu8‚
2438 3013 2518 3056 ex
2562 3013 2707 3076 qu0,

164 3099 281 3164 ubi
336 3098 403 3163 id
445 3097 729 3184 legerint
771 3095 1376 3181 inteUexerintque,
1428 3096 1778 3181 plurimum
1825 3103 1891 3163 et
1933 3096 2201 3163 honoris
2249 3102 2313 3163 et
2358 3099 2710 3183 voluptatis

175 3229 239 3272 se
301 3209 754 3272 consecuturos
825 3227 966 3270 esse
1033 3204 1429 3290 perspicient
1493 3203 1998 3290 fatebunturque
2065 3204 2188 3270 hac
2253 3210 2479 3271 nostra
2544 3227 2711 3271 nova

179 3312 682 3398 speciosissimae
753 3313 909 3378 artis
976 3312 1186 3377 forma
1259 3311 1525 3377 mirifice
1596 3311 1902 3378 delectati
1968 3333 2089 3377 nos
2157 3313 2239 3377 ad
2305 3334 2709 3378 communem

182 3420 456 3486 omnium
504 3420 930 3485 eruditionem
976 3420 1305 3503 praesenti
1347 3419 1473 3485 hoc
1501 3419 1727 3485 labore
1765 3419 2113 3504 plurimum
2162 3420 2514 3486 adiumenti
2561 3442 2714 3486 con-

183 3529 415 3594 tulisse.

344 3636 508 3701 Hinc
569 3635 752 3720 quasi
809 3657 887 3699 ex
948 3635 1226 3719 quodam
1279 3634 1667 3700 redundanti
1724 3635 2114 3720 publicoque
2168 3636 2348 3700 fonte
2408 3635 2713 3720 quicquid

190 3767 300 3831 ego
356 3744 552 3829 longo
616 3747 908 3827 tempore
965 3742 1188 3806 multis
1249 3741 1490 3828 vigiliis
1553 3747 1618 3807 et
1675 3742 1951 3806 assiduis
2010 3743 2568 3809 lucubrationibus
2637 3767 2714 3809 ex

189 3852 775 3937 probatissimorum
822 3854 1152 3916 auctorum
1198 3849 1478 3915 lectione
1542 3854 1609 3914 et
1665 3849 2168 3915 clarissimorum
2220 3856 2714 3935 praeceptorum
2800 3938 2803 3942 ι

193 3959 512 4044 disciplina
570 3958 876 4044 colligere
933 3960 1144 4043 potui,
1212 3979 1525 4047 perquam
1592 3958 1930 4024 celerrimo
1998 3957 2438 4044 facillimoque
2498 3960 2712 4025 studio

193 4067 400 4132 licebit
442 4067 701 4132 haurire
750 4071 815 4132 et
861 4068 942 4132 ad
986 4087 1306 4130 summum
1351 4065 1637 4132 musicae
1685 4066 1940 4132 culmen
1993 4065 2431 4151 placidissimo
2486 4090 2715 4155 gressu

195 4174 529 4261 pervenire.

350 4283 553 4348 Nemo
577 4281 1028 4367 philosophiae
1052 4283 1481 4366 maiestatem,
1506 4304 1698 4348 nemo
1725 4282 2172 4348 arithmeticae
2194 4283 2711 4369 perplexitatem,

198 4412 369 4456 nemo
422 4390 914 4476 proportionum
981 4390 1287 4455 formidet
1354 4390 1700 4456 anfractus
1809 4390 1931 4456 Hic
1995 4391 2167 4456 enim
2228 4391 2529 4476 quilibet,
2594 4393 2715 4456 etsi

201 4521 632 4584 usquequaque
673 4498 759 4563 sit
796 4498 1001 4581 rudis,
1049 4499 1242 4563 modo
1289 4499 1670 4583 disciplinae
1719 4499 2203 4564 accommodare
2236 4499 2395 4564 velit
2426 4498 2716 4565 auditum

203 4611 263 4671 et
298 4606 554 4671 rationis
591 4605 852 4672 omnino
883 4627 1014 4672 non
1046 4605 1132 4670 sit
1164 4629 1408 4691 expers,
1457 4606 1528 4672 in
1555 4608 2186 4692 praestantissimum
2222 4607 2719 4692 peritissimum-

209 4737 313 4800 que
362 4715 675 4782 musicum
730 4718 950 4800 potest
1011 4715 1300 4780 evadere.
1404 4715 1627 4801 Usque
1689 4716 1853 4782 adeo
1913 4738 2189 4801 namque
2242 4716 2719 4803 intelligentiae

295 4834 481 4876 Beihefte
510 4835 588 4876 der
613 4836 731 4878 nm.
771 4836 827 4878 Π.
2284 4837 2308 4886 1
