3592 5509
1381 366 1768 432 -7.-

477 541 800 606 Boetius
845 562 962 625 per
1003 538 1416 611 tetrachorda
1461 532 1973 608 monochordum-
2017 544 2245 607 dividit
2297 542 2419 609 hoc
2466 531 2687 609 modo:
2738 545 2773 608 b
2810 562 2843 610 e

304 650 584 735 primum
641 649 1150 733 tetrachordum,
1220 642 1570 715 secundum
1629 673 1660 714 e
1711 652 1779 734 h,
1848 650 1942 715 ita
2009 652 2180 734 quod
2234 674 2265 717 e
2316 651 2461 715 finis
2518 651 2713 735 primi
2778 656 2843 716 et

309 757 575 823 secundi
634 750 1020 842 principium
1083 762 1210 837 est3
1269 762 1333 823 et
1379 749 1577 823 simili
1629 760 1823 824 modo
1868 762 1910 823 h
1954 761 1991 823 l.
2085 758 2216 823 Sed
2270 760 2523 843 quando
2579 780 2845 844 praece-³

310 866 522 931 dentis
551 865 698 932 finis
727 889 846 951 pro
879 868 1207 952 sequentis
1239 866 1633 933 tetrachordi
1663 868 1982 951 principio
2022 867 2313 949 sumitur,
2344 867 2843 933 -tetrachordum

313 975 728 1041 coniunctum
781 976 1033 1057 dicitur,
1093 976 1265 1060 quod
1321 968 1554 1042 Graeci
1609 997 2073 1059 synemmenon
2131 975 2481 1061 appellant.
2573 974 2844 1052 Quando

309 1086 525 1147 autem
577 1084 619 1147 h
671 1084 842 1149 idest
899 1084 1091 1166 primi
1148 1083 1282 1147 sive
1336 1083 1783 1166 praecedentis
1840 1084 1985 1149 finis
2040 1106 2158 1167 pro
2213 1084 2478 1149 secundi
2540 1083 2677 1149 sive
2744 1104 2845 1147 se-

312 1192 567 1275 quentis
612 1192 930 1275 principio
974 1214 1105 1257 non
1150 1182 1448 1273 sumitur,
1513 1193 1652 1258 sed
1687 1212 1963 1276 sequens
2016 1192 2526 1259 tetrachordum
2544 1215 2583 1254 a
2627 1180 2845 1274 'aqua-

311 1300 496 1365 drato
543 1301 742 1364 sumit
783 1300 1043 1363 initium
1090 1303 1155 1364 et
1183 1318 1319 1384 per
1343 1302 1383 1363 k
1425 1301 1448 1363 l
1489 1300 1895 1383 procedendo
1940 1301 2011 1365 in
2040 1321 2107 1364 m
2140 1300 2405 1379 sistitur,
2459 1299 2845 1364 disiunctum

311 1398 532 1490 latine,
580 1429 815 1494 graece
842 1430 996 1473 vero
1032 1408 1546 1494 diezeugmenon
1579 1396 2005 1511 nuncupatur,
2054 1409 2224 1494 quod
2254 1408 2377 1472 illa
2410 1406 2843 1473 contermina¹

309 1514 722 1581 tetrachorda
753 1515 1077 1581 communi
1104 1516 1234 1581 fine
1264 1537 1395 1580 non
1426 1516 1863 1618 copulantur2,
1914 1517 2029 1582 sed
2071 1515 2460 1601 principium
2506 1514 2769 1581 secundi
2810 1536 2847 1577 a

311 1624 506 1707 primi
525 1624 686 1692 fine
725 1646 860 1707 per
916 1624 1058 1689 toni
1116 1624 1489 1689 distantiam
1543 1611 1887 1690 dirimitur.
1987 1623 2230 1710 Estque
2290 1621 2589 1723 quintum
2645 1627 2848 1687 tetra-

311 1730 652 1795 chordum
680 1754 749 1795 m
791 1752 862 1817 p,
929 1732 1101 1816 quod
1166 1731 1632 1816 hyperboleon,
1694 1732 1819 1797 hoc
1882 1737 1980 1797 est
2046 1720 2525 1815 excellentium,
2596 1730 2845 1796 dicitur.

309 1838 552 1904 Omnes
600 1841 772 1904 enim
815 1839 992 1903 illius
1039 1839 1317 1905 chordae
1365 1862 1616 1905 omnes
1635 1840 1909 1905 aliorum
1964 1840 2522 1905 tetrachordorum
2576 1839 2848 1904 chordas

312 1948 607 2011 acumine
655 1946 1184 2046 sublimitateque
1227 1952 1553 2031 superant.
2550 1952 2553 1959 '

437 2056 772 2120 Primum
828 2047 1044 2120 autem
1096 2055 1580 2121 tetrachordum
1632 2070 1863 2143 graece
1916 2057 2231 2141 hypaton,
2294 2056 2465 2141 quod
2523 2060 2621 2120 est
2674 2056 2851 2139 prin-

311 2163 622 2269 cipalium
691 2165 826 2228 sive
898 2163 1280 2229 inferiorum
1344 2164 1576 2249 latine,
1648 2165 1999 2230 secundum
2064 2164 2547 2229 tetrachordum
2617 2184 2849 2249 graece

309 2264 568 2354 meson,
655 2293 919 2336 romane
1011 2273 1384 2337 mediarum.
1470 2314 1474 2319 -
1517 2272 1626 2339 Sic
1710 2278 1929 2339 autem
2011 2274 2216 2337 divisa
2313 2277 2411 2337 est
2489 2270 2848 2353 harmonia,

320 2379 625 2462 quoniam
667 2382 900 2443 natura
947 2370 1216 2443 docente
1273 2380 1364 2444 sic
1410 2380 1676 2466 regitur,
1735 2384 1809 2444 ut
1852 2384 2001 2465 post
2054 2381 2216 2446 duos
2269 2384 2458 2445 tonos
2506 2378 2850 2444 semitonio

314 2491 730 2571 temperetur.
837 2486 1132 2552 Chordae
1195 2491 1436 2565 autem,
1497 2510 1768 2573 quarum
1828 2489 2092 2553 nomina
2146 2492 2297 2553 sunt
2355 2488 2632 2569 diversa,
2705 2490 2850 2551 octo

315 2617 584 2659 numero
617 2598 784 2676 sunt,
831 2594 955 2659 hoc
989 2599 1110 2660 est:
1188 2588 1446 2679 hypate,
1495 2594 1873 2680 parhypate,
1919 2595 2230 2680 lichanoS,
2264 2617 2461 2677 mese,
2495 2614 2849 2679 paramese,

313 2703 486 2785 trite,
535 2706 866 2785 paranete,
913 2706 1079 2767 nete.
1169 2701 1428 2786 Hypate
1474 2688 1849 2788 principalis
1897 2704 2159 2783 dicitur3
2206 2704 2376 2768 unde
2425 2703 2656 2769 Graeci
2702 2724 2853 2767 con-

316 2810 525 2874 sulem
589 2808 875 2895 hypaten
942 2815 1235 2887 vocant„
1307 2811 1673 2895 Parhypate
1748 2810 1872 2876 hoc
1950 2816 2049 2876 est
2119 2811 2300 2887 iuxta
2362 2809 2850 2896 principalem33

314 2917 608 3009 lichanos
653 2919 838 3013 ‚dicta
887 2922 1008 3001 est,
1073 2920 1398 3010 quoniam,
1427 2903 1652 3011 (iuxta
1683 2920 1948 2985 Boetii
1994 2920 2403 3002 sententiam)
2448 2919 2681 3000 indice,
2744 2918 2853 3001 qui

313 3014 610 3091 lichanos
655 3048 887 3112 graece
934 3026 1192 3105 dicitur,
1252 3026 1896 3111 percutiebatur.vel
1940 3028 2334 3113 tangebatur
2383 3027 2591 3111 primo
2648 3025 2852 3110 digito

318 3134 604 3219 hypaten
661 3134 966 3215 feriente3
1026 3156 1203 3199 mese
1262 3135 1442 3217 idest,
1483 3136 1732 3227 media,
1796 3136 1968 3219 quod
2023 3136 2091 3200 in
2145 3134 2585 3219 heptachordo
2642 3134 2855 3225 medio

315 3242 461 3307 loco
489 3246 810 3325 ponatur3
857 3264 1194 3326 paramese
1238 3242 1410 3307 idest
1452 3244 1633 3307 iuxta
1672 3224 1981 3324 mediam;
2030 3243 2145 3334 sed
2190 3244 2341 3307 trite
2384 3242 2633 3323 dicitur,
2685 3242 2855 3327 quod

319 3354 470 3414 ante
535 3354 732 3414 neten
811 3350 897 3414 sit
959 3350 1182 3430 tertia3
1259 3354 1594 3437 paranete
1636 3350 1760 3415 hoc
1833 3355 1931 3415 est
2011 3373 2212 3435 prope
2282 3354 2479 3441 neten
2560 3354 2625 3415 et
2703 3354 2853 3413 nete

315 3456 587 3522 inferior
629 3479 760 3523 non
807 3457 1066 3543 quidem
1112 3480 1291 3552 sono,
1347 3459 1462 3523 sed
1503 3458 1852 3524 locutione.

494 3564 862 3632 Secundum
927 3588 1109 3649 vero,
1129 3568 1353 3651 quod
1417 3566 1540 3631 hae
1610 3538 1887 3632 chordae
1954 3567 2024 3632 in
2092 3568 2361 3632 diversis
2428 3540 2855 3631 tetrachordis

303 3677 663 3765 aptantur,
693 3673 944 3737 diversa
990 3696 1134 3738 cum
1182 3675 1460 3758 quodam
1507 3676 1877 3765 addimento
1924 3676 2187 3740 nomina
2230 3674 2604 3763 sortiuntur.
2681 3673 2861 3737 Dici-

320 3785 426 3844 tur
473 3780 670 3845 enim:
719 3780 957 3865 hypate
1002 3781 1307 3865 hypaton,
1355 3760 1710 3867 parhypate
1742 3783 2050 3873 hypaton,
2098 3782 2388 3847 lichanos
2427 3756 2743 3866 hypaton;
2794 3786 2858 3845 et

320 3889 639 3972 sequitur:
694 3888 932 3973 hypate
977 3911 1232 3974 meson,
1292 3889 1648 3974 parhypate
1693 3913 1946 3972 meson,
2010 3890 2304 3979 lichanos
2354 3912 2599 3972 meson,
2658 3912 2852 3968 mese,

306 3996 474 4079 ¹trite
531 4018 1020 4080 synemmenon,
1075 4002 1384 4080 paranete
1444 4021 1923 4082 synemmenon,
1982 4003 2131 4064 nete
2188 4021 2651 4088 synemmenon
2706 4020 2858 4086 con-

321 4103 612 4169 iunctim.
705 4104 835 4169 Sed
881 4128 918 4168 a
962 4127 1160 4200 mese.
1187 4106 1578 4193 disiungitur
1617 4130 1735 4191 per
1777 4112 2003 4173 tonum
2046 4129 2381 4192 paramese
2429 4111 2495 4171 et
2539 4106 2853 4190 sequitur:

321 4212 475 4277 trite
537 4214 1072 4299 diezeugmenon,
1136 4219 1445 4297 paranete
1503 4215 2039 4301 diezeugmenon,
2104 4220 2254 4279 nete
2328 4199 2857 4301 diezeugmenon,

322 4320 488 4398 trite,
517 4308 1004 4403 hyperboleon,
1063 4326 1372 4404 paranete
1425 4322 1896 4407 hyperboleon,
1961 4326 2111 4387 nete
2164 4322 2627 4407 hyperboleon.
2730 4322 2859 4387 Sed

501 4493 517 4527 ¹
555 4507 686 4544 cum
723 4489 984 4544 termina.

494 4578 517 4613 2
553 4576 910 4646 copulentur.

493 4665 516 4702 3
550 4662 889 4733 principale.
