3592 5509
1666 379 1751 388 -
1834 321 1969 404 '108
2059 379 2140 387 -

634 513 878 574 consilio
937 515 1429 593 providentiaque
1487 537 1715 578 necnon
1774 523 1837 578 et
1893 519 2206 579 sanctitate
2263 520 2565 596 praeponi.
2659 519 2707 578 Ο
2761 520 3081 592 insaniam,
3130 539 3163 579 o

632 617 1049 677 verecundiam
1098 639 1217 680 non
1269 620 1589 680 ferendam.
1668 621 1969 700 Cognosce
2015 626 2076 682 te
2119 623 2321 698 ipsum
2372 623 2541 682 iuxta
2582 623 2880 700 Apollinis
2937 623 3166 682 dictum
3245 657 3248 659 Δ

632 723 693 778 et
743 738 863 779 non
928 722 1166 782 errabis.
1258 721 1411 783 Nam
1474 725 1787 802 proprium
1856 729 1945 784 est
2011 726 2301 787 stultitiae
2370 727 2626 787 aliorum
2690 726 2839 786 vitia
2905 745 3162 803 cernere,

631 842 877 884 suorum
918 845 1059 884 vero
1108 827 1397 888 oblivisci.

802 946 924 1004 cap.
958 930 1036 986 15
1086 925 1205 1006 (fol.
1238 933 1318 990 18
1356 928 1449 1010 r.).
1543 932 1916 1008 Quamquam
1972 933 2136 992 varia
2179 934 2258 992 sit
2308 932 2618 992 hominum
2681 932 2755 991 ad
2808 935 3164 993 cantandum

629 1032 1014 1110 introductiO,
1063 1053 1184 1093 una
1226 1037 1425 1095 tamen
1456 1035 1763 1095 dumtaxat
1808 1039 1869 1096 et
1897 1055 2016 1096 non
2044 1037 2249 1114 plures
2281 1037 2656 1096 celebrantur
2685 1037 2961 1097 musicae.
3028 1039 3162 1098 Hoc

632 1136 787 1195 enim
842 1137 1081 1198 credere
1134 1139 1349 1216 procul
1402 1139 1585 1198 dubio
1639 1140 2019 1199 insulsissimi
2072 1140 2328 1200 hominis
2381 1143 2486 1200 est.
2581 1139 2740 1210 Quid
2793 1140 2952 1201 enim
2992 1161 3164 1218 prae-

628 1241 925 1300 varicator
968 1240 1145 1319 dicet,
1194 1243 1302 1318 qui
1346 1242 1624 1303 distincte
1669 1261 1851 1302 ausus
1895 1247 1984 1303 est
2025 1244 2088 1303 in
2131 1247 2398 1304 tractatu
2441 1243 2803 1304 confusionis
2847 1263 2988 1304 suae
3031 1265 3165 1305 mu-

629 1344 811 1403 sicam
882 1343 1233 1423 Oddonis,
1302 1347 1591 1406 musicam
1659 1350 1719 1405 et
1786 1345 2128 1424 Gregorii
2193 1367 2262 1408 ac
2328 1349 2616 1407 musicam
2666 1348 3041 1408 Ambrosii
3102 1353 3163 1408 et

631 1451 967 1510 ceterorum
1010 1468 1356 1526 nuncupare
1376 1447 1445 1510 1?
1538 1449 1587 1510 Ο
1630 1450 1954 1511 barbarum
1999 1455 2060 1511 et
2115 1452 2338 1530 pingue
2396 1453 2772 1529 hispanicum
2825 1451 3054 1513 dictum
3106 1457 3166 1512 et

628 1552 868 1628 penitus
928 1553 1255 1630 insipidum
1317 1558 1378 1614 et
1438 1555 1687 1632 puerile.
1792 1555 1912 1614 Ubi·
1961 1556 2075 1615 hoc
2120 1552 2444 1617 invenisti?
2505 1557 2635 1627 Qua
2684 1559 2882 1616 mente
2927 1557 3166 1635 excogi-

626 1652 814 1716 tasti?
888 1657 1105 1716 Melius
1173 1659 1329 1717 enim
1401 1658 1645 1718 dixisses
1706 1658 2040 1719 doctrinam
2094 1658 2188 1719 Gr
2205 1680 2235 1720 e
2249 1661 2445 1738 gorii
2504 1680 2610 1720 seu
2661 1661 3165 1722 introductoriam

625 1760 987 1820 Ambrosii
1032 1765 1095 1821 et
1135 1763 1507 1838 reliquorum
1554 1783 1734 1838 quam
1778 1763 1864 1822 sic
1907 1763 2154 1823 barbare
2201 1768 2262 1823 et
2303 1765 2506 1840 inepte
2549 1765 2741 1840 loqui.

804 1883 927 1942 cap.
961 1867 1040 1924 18
1072 1861 1191 1941 (fol.
1228 1867 1312 1924 20
1338 1864 1432 1943 r.).
1510 1867 1642 1925 Etsi
1687 1886 1721 1924 a
1764 1867 2067 1927 nonnullis
2113 1871 2173 1926 et
2215 1868 2466 1927 maxime
2513 1869 2758 1928 sensatis
2801 1867 2961 1946 haec,
3013 1886 3164 1944 quae

628 1969 987 2030 mutationes
1030 1973 1470 2047 nuncupantur,
1520 1970 1738 2030 frivola
1782 1975 1844 2031 et
1886 1972 2057 2048 parvi
2085 1974 2373 2032 momenti
2414 1973 2785 2050 iudicentur,
2832 1975 3046 2049 tamen,
3094 1975 3166 2032 ut

627 2073 803 2134 variis
864 2074 1225 2133 satisfaciam
1280 2074 1519 2150 animis,
1578 2093 1769 2134 meme
1833 2094 2012 2152 super
2079 2077 2194 2136 hoc
2250 2077 2527 2137 brevitati
2594 2076 3022 2154 constringam,
3089 2095 3162 2134 ne

624 2177 863 2253 longius
907 2177 1233 2253 procedens
1276 2177 1545 2236 fatuitati
1588 2179 2080 2254 praevaricatoris
2135 2180 2336 2240 videar
2390 2181 2625 2258 similis,
2678 2181 2783 2258 qui
2827 2180 3058 2240 scilicet
3101 2198 3161 2238 se

623 2280 942 2356 profitetur
985 2281 1300 2358 musicum,
1349 2300 1502 2358 cum,
1551 2281 1787 2358 Hercle,
1838 2302 1873 2341 a
1916 2283 2012 2343 via
2055 2284 2326 2344 veritatis
2371 2285 2674 2344 seiunctus
2720 2283 2951 2344 deliret.
3041 2284 3160 2343 Hic

628 2384 787 2444 enim
827 2384 1099 2444 imitatus
1144 2385 1591 2444 Marchetum
1637 2387 2007 2462 consumpsit
2050 2390 2312 2463 quatuor
2356 2391 2417 2448 et
2459 2388 2716 2465 amplius
2747 2389 2976 2447 chartas
3007 2388 3164 2448 circa

624 2487 966 2548 huiusmodi
1012 2489 1270 2549 rationes
1312 2488 1567 2549 insulsas
1612 2493 1673 2549 et
1717 2490 1956 2549 omnino
2003 2491 2394 2568 explodendas
2409 2489 2454 2549 ².
2544 2491 2712 2569 Nam,
2761 2510 3010 2568 quaeSO,
3057 2491 3164 2551 ubi

626 2587 972 2651 invenerit?
1021 2594 1117 2651 An
1163 2592 1323 2669 apud
1368 2593 1630 2652 scholam
1673 2594 2167 2671 philosophorum
2211 2615 2247 2654 a
2291 2595 2510 2672 quibus
2556 2595 2745 2655 omnis
2778 2596 2922 2655 ordo
2955 2614 3162 2655 conso-

633 2696 970 2754 nantiarum
1016 2691 1355 2756 emanavit?
1404 2697 1502 2755 An
1546 2696 1705 2773 apud
1749 2697 2120 2775 Boetium,
2179 2699 2283 2775 qui
2337 2701 2398 2758 et
2442 2699 2651 2777 auriga
2693 2699 3060 2758 musicorum
3105 2701 3166 2758 et

621 2794 985 2858 monarcha?
1057 2800 1367 2860 Invenitne
1428 2800 1587 2876 apud
1632 2801 1809 2860 illum
1853 2803 2024 2878 pium
2069 2803 2426 2862 monachum
2471 2801 2884 2862 Guidonem
2927 2806 2989 2862 et
3032 2802 3159 2862 eius

622 2902 913 2961 disertum
935 2902 1299 2962 imitatorem
1320 2903 1361 2962 J
1370 2903 1596 2962 ohann
1610 2923 1714 2963 em
1736 2903 2216 2965 carthusiensem
2232 2901 2266 2964 ⁴?
2301 2904 2512 2965 O‘Iane
2535 2926 2570 2965 a
2591 2909 2761 2984 tergo
2785 2925 2963 2982 quem
2985 2907 3153 2965 nulla

623 3006 852 3065 ciconia
896 3005 1083 3083 pinsit
1095 3005 1136 3064 ³.
1227 3006 1335 3066 Vis
1380 3007 1532 3067 scire
1585 3008 1700 3066 hoc
1744 3008 2018 3084 tepidum
2061 3012 2123 3068 et
2166 3009 2372 3068 audire
2419 3008 2711 3070 decenter.
2801 3010 2972 3070 Unde
3014 3011 3160 3070 haec

623 3113 858 3190 sartago
905 3109 1193 3186 loquendi
1237 3110 1470 3170 venerit
1514 3111 1578 3170 in
1621 3111 1878 3190 linguaS,
1925 3112 2083 3171 unde
2113 3112 2276 3172 istud
2306 3108 2610 3172 dedecus?
2658 3113 2808 3172 Nam
2838 3114 3161 3190 pulchrum

622 3216 713 3272 est
741 3212 933 3290 digito
962 3214 1282 3273 monstrari
1313 3217 1374 3273 et
1417 3214 1563 3273 dici:
1610 3215 1709 3274 hic
1754 3219 1844 3274 est
1881 3247 1954 3260 --
1990 3233 2244 3275 crassam
2289 3217 2510 3276 etenim
2553 3217 2844 3276 Marcheti
2889 3218 3158 3278 imitatus

621 3320 728 3394 est,
778 3321 850 3376 ut
880 3315 1019 3395 dixi,
1066 3317 1353 3394 ineptiam
1393 3337 1463 3377 ac
1504 3317 1850 3378 fatuitatem
1879 3350 1965 3362 -
1996 3323 2176 3396 atque
2221 3323 2293 3379 ut
2337 3321 2624 3381 scombris
2667 3320 2954 3397 thurique
2985 3341 3160 3399 capa-

622 3420 841 3480 ciorem
884 3422 1199 3497 praeberet
1242 3423 1525 3482 tunicam.

798 3542 919 3600 cap.
960 3526 1043 3583 20
1087 3523 1205 3600 (fol.
1241 3526 1317 3583 21
1345 3524 1437 3604 vn).
1530 3525 1664 3586 Non
1718 3546 1862 3604 ergo
1916 3527 2281 3603 adaequatus
2337 3529 2601 3588 musicus
2646 3532 2707 3588 et
2748 3530 2842 3589 vir
2885 3529 3160 3606 egregius

618 3629 657 3686 J
660 3629 916 3688 ohannes
960 3628 1254 3704 Hothby
1299 3629 1613 3690 Carmelita
1642 3650 1677 3689 a
1705 3633 1783 3708 te,
1821 3650 1855 3690 o
1887 3631 2340 3708 praevaricator,
2374 3631 2803 3709 vilpendendus
2835 3636 2942 3708 est,
2978 3652 3156 3708 quem

619 3751 730 3808 pro
790 3732 919 3791 viro
976 3733 1193 3809 ignavo
1253 3733 1314 3792 et
1368 3733 1611 3793 virtutis
1670 3738 1971 3810 expertem
2024 3735 2307 3795 nominas.
2399 3735 2556 3795 Suus
2601 3736 2758 3795 enim
2803 3736 3039 3813 cuique,
3083 3741 3158 3796 ut

620 3835 825 3912 inquit
868 3835 1159 3913 Catullus,
1208 3836 1535 3896 attributus
1581 3842 1671 3898 est
1716 3857 1898 3914 error,
1949 3838 2049 3898 sed
2103 3859 2222 3898 non
2265 3838 2537 3899 videmus
2589 3839 2843 3899 mantice
2889 3840 3049 3917 quod
3093 3840 3157 3898 in

619 3944 790 4018 tergo
838 3943 945 3999 est.
1036 3940 1343 3999 Veraciter
1389 3942 1545 4000 enim
1590 3942 1972 4001 semitonium
2018 3943 2222 4002 durale
2266 3943 2533 4002 nominat
2543 3942 2586 4020 4,
2634 3962 2755 4003 non
2784 3943 2944 4019 quod
2989 3943 3160 4002 diffe-

618 4045 871 4104 rentiam
922 4044 1104 4103 faciat
1160 4045 1423 4121 aliquam
1476 4045 1631 4104 inter
1690 4046 2002 4106 semitonia
2043 4047 2274 4106 minora
2327 4047 2561 4106 stabilia
2605 4051 2668 4106 et
2709 4047 2968 4124 mobilia,
3021 4067 3158 4108 cum

793 4275 812 4310 1

789 4359 813 4398 2
846 4270 1299 4414 gffssnssaiffieine
1344 4359 1709 4429 Anepielung
1756 4359 1860 4414 auf
1898 4359 1992 4415 die
2038 4359 2248 4416 Stella:
2302 4359 2424 4430 Ego
2461 4334 2657 4415 autem
2693 4361 3054 4417 Marchetum
3089 4392 3159 4402 —

614 4462 784 4514 posse
820 4451 941 4500 non*
977 4445 1240 4500 dubitem
1276 4446 1381 4500 auf
1412 4446 1465 4501 S.
1492 4447 1557 4499 14
1574 4445 1612 4500 f.

788 4533 811 4571 3
844 4531 977 4608 Vgl.
1004 4532 1141 4587 Auli
1166 4532 1351 4588 Persii
1376 4532 1567 4588 Flacci
1594 4532 1818 4589 Satirae
1845 4533 1890 4601 I,
1917 4533 1986 4588 58
2012 4535 2114 4600 (ed.
2136 4533 2224 4588 Fr.
2245 4532 2530 4602 Duebner,
2555 4533 2793 4604 Leipzig
2809 4534 2961 4603 1833,
2983 4534 3036 4590 S.
3053 4535 3153 4601 20).

788 4621 810 4658 ⁴
840 4617 971 4690 Vgl.
1011 4619 1063 4674 S.
1094 4620 1163 4674 41
1182 4619 1221 4676 f.
