3592 5509
350 1354 715 1456 Tertia
760 1386 1045 1487 pars,
1095 1354 1215 1452 in
1258 1385 1471 1486 qua
1520 1355 1651 1456 de
1699 1353 2175 1455 numeris
2223 1353 2880 1455 harmonicis

987 1531 1408 1663 copiose
1477 1537 2235 1664 pertractatur.
2342 1598 2349 1604 -

1078 1790 1141 1862 T
1145 1789 1681 1862 RACTATUS
1734 1789 2144 1860 PRIMUS.

1143 2016 1629 2098 capitulum
1681 2017 2084 2099 primum.

347 2214 645 2352 BINAS
706 2213 937 2301 longas
989 2213 1338 2280 maximam
1391 2216 1706 2299 binasque
1760 2215 1993 2280 breves
2054 2214 2318 2300 longam
2375 2219 2566 2299 atque
2621 2215 2884 2280 brevem

489 2323 646 2388 duas
683 2323 1093 2404 semibreveS,
1144 2323 1259 2387 sed
1307 2326 1371 2387 et
1402 2322 1830 2388 semibrevem
1876 2323 2034 2386 duas
2065 2322 2366 2386 minimas
2411 2323 2582 2387 intra
2628 2345 2696 2387 se
2733 2345 2885 2388 con-

347 2432 553 2496 tinere
599 2431 730 2496 iam
774 2431 1020 2516 liquido
1057 2431 1555 2495 monstravimus
1602 2452 1718 2514 per
1760 2429 2225 2516 geometricam
2269 2430 2886 2496 demonstrationem

348 2538 418 2602 in
460 2539 671 2622 prima
722 2543 907 2623 parte
964 2538 1159 2603 tertio
1214 2542 1497 2603 tractatu
1552 2538 1836 2623 capitulo
1899 2539 1977 2602 de
2037 2538 2280 2604 notulis
2297 2543 2334 2602 1.
2427 2539 2507 2602 In
2559 2539 2688 2604 ista
2731 2561 2885 2604 vero

348 2651 559 2729 parte,
626 2669 789 2730 quae
855 2649 995 2712 tota
1053 2667 1469 2712 numerorum
1534 2649 1657 2730 est,
1724 2645 2004 2730 qualiter
2073 2647 2298 2711 eadem
2352 2649 2510 2711 nota
2575 2651 2708 2712 tres
2775 2651 2887 2710 aut

349 2755 568 2838 plures
641 2755 850 2839 possit
921 2754 1137 2818 valere
1214 2753 1555 2819 dicendum
1629 2759 1851 2818 restat.
1969 2753 2501 2820 Consideratione
2575 2756 2886 2838 temporis

353 2865 642 2946 accepta,
713 2884 876 2947 quae
935 2862 1005 2926 in
1058 2861 1283 2946 pulsus
1336 2862 1625 2928 noscitur
1678 2862 2136 2946 palpitatione,
2200 2860 2364 2926 scire
2429 2884 2548 2927 nos
2610 2866 2884 2946 oportet,

348 2974 565 3033 utrum
596 2968 847 3053 duplari
891 2973 1003 3033 aut
1047 2969 1301 3052 triplari
1349 2974 1461 3034 aut
1501 2968 1917 3054 quadruplari
1965 2992 2107 3034 eam
2154 2969 2490 3055 contingat
2533 2975 2645 3034 aut
2689 2971 2886 3036 etiam

349 3077 685 3140 dimidiare
732 3081 843 3141 aut
886 3075 1207 3142 trifariam
1252 3077 1390 3141 sive
1436 3078 1898 3161 quadrifariam
1947 3077 2251 3142 dividere.

517 3186 736 3249 Prima
792 3185 965 3250 enim
1025 3185 1457 3250 consideratio
1515 3186 1743 3250 modus
1800 3185 2034 3250 dicitur
2077 3207 2208 3250 non
2265 3207 2302 3248 a
2345 3184 2737 3250 modulando
2785 3186 2888 3250 vel

350 3314 389 3355 a
446 3293 792 3376 movendO,
844 3297 930 3357 ·ut
988 3314 1183 3375 supra
1239 3292 1479 3358 dictum
1540 3297 1655 3376 est,
1716 3295 1831 3358 sed
1889 3317 1927 3358 a
1985 3296 2351 3377 temporum
2409 3292 2886 3358 modificatione

348 3399 453 3463 vel
511 3399 992 3484 computatione
1055 3400 1298 3465 dictum
1356 3401 1759 3466 arbitramur.
1862 3401 2229 3466 Secundum
2285 3422 2439 3466 vero
2503 3401 2887 3488 magistrum

348 3507 870 3573 Franoonem2
917 3511 1015 3572 est
1060 3509 1429 3573 coniunctio
1476 3508 1619 3573 soni
1663 3510 2103 3594 temporisque
2163 3508 2378 3595 longis
2423 3508 2665 3573 notulis
2710 3531 2890 3573 men-

350 3615 573 3698 surati,
621 3616 792 3699 quod
835 3614 1002 3680 nihil
1049 3615 1224 3679 aliud
1282 3620 1380 3681 est
1426 3638 1617 3700 quam
1674 3617 1844 3700 quod
1889 3617 2118 3682 modus
2175 3621 2272 3680 est
2317 3617 2686 3682 coniunctio
2740 3639 2889 3700 pro-

349 3724 686 3808 portionis,
736 3745 900 3808 quae
933 3723 1267 3810 consurgit
1314 3747 1391 3788 ex
1421 3723 1591 3789 notis
1637 3723 1852 3812 longis
1901 3729 1965 3789 et
1997 3719 2299 3790 brevibus
2344 3725 2518 3790 viam
2549 3746 2887 3790 mensurae

357 3832 789 3896 mensurando
835 3831 1083 3896 scilicet
1126 3836 1383 3916 tempus
1427 3833 1657 3915 ipsum.

520 3938 808 4003 Prolatio
872 3938 1041 4002 enim
1104 3962 1141 4002 a
1201 3939 1616 4022 proferendo,
1690 3941 1866 4024 quia,
1939 3960 2084 4004 cum
2145 3944 2400 4024 tempus
2460 3940 2766 4004 dividitur
2819 3940 2889 4004 in

351 4049 588 4129 partes,
637 4046 869 4111 melius
916 4046 1260 4130 profertur,
1309 4051 1382 4111 ut
1424 4049 1496 4111 in
1538 4069 1841 4111 versuum
1888 4047 2205 4134 contingit
2263 4047 2618 4112 scansione.
2709 4046 2890 4133 Egi-

350 4153 518 4217 dius
584 4176 737 4218 vero
806 4156 895 4219 de
964 4153 1260 4220 Marino
1328 4155 1503 4238 dicit,
1587 4156 1758 4239 quod
1822 4155 1970 4220 ideo
2041 4155 2275 4220 dicitur
2350 4154 2660 4240 prolatio,
2740 4154 2890 4238 quia

523 4442 542 4479 1
576 4439 688 4496 Das
728 4440 885 4495 Citat
920 4439 1071 4496 trifft
1104 4441 1197 4494 fiir
1234 4441 1326 4496 die
1362 4441 1625 4498 Praetica
1667 4440 1833 4497 nicht
1868 4459 1952 4496 zu.
2024 4441 2340 4496 Vielleicht
2383 4441 2614 4497 bezieht
2659 4457 2718 4496 es
2765 4440 2888 4496 sich

348 4525 454 4580 auf
484 4526 578 4581 ein
613 4526 871 4582 frfiheres
910 4526 1106 4594 Werk,
1147 4527 1247 4583 das
1284 4527 1365 4582 im
1400 4526 1611 4598 Epilog
1646 4531 1940 4598 genannte
1977 4524 2452 4582 Introduetorium.

520 4616 543 4651 ²
576 4612 703 4683 Vgl.
744 4612 1267 4684 Coussemaker,
1306 4613 1626 4684 Scriptores
1663 4615 1709 4681 Ι,
1744 4614 1848 4668 118
1864 4615 1920 4669 b.
2005 4615 2076 4670 In
2119 4613 2498 4684 Anmerkung
2529 4616 2559 4668 1
2610 4614 2892 4671 ebendort

352 4697 493 4754 wird
527 4699 673 4755 auch
712 4699 805 4755 die
844 4699 1046 4756 Lesart
1085 4700 1477 4756 ›coniunctio‹
1517 4700 1867 4772 ausgefflhrt.
