<?xml version="1.0" encoding="UTF-8"?>
<!DOCTYPE html PUBLIC "-//W3C//DTD XHTML 1.0 Transitional//EN"
    "http://www.w3.org/TR/xhtml1/DTD/xhtml1-transitional.dtd">
<html xmlns="http://www.w3.org/1999/xhtml" xml:lang="en" lang="en">
 <head>
  <title>
</title>
<meta http-equiv="Content-Type" content="text/html;charset=utf-8" />
  <meta name='ocr-system' content='tesseract 3.04.00' />
  <meta name='ocr-capabilities' content='ocr_page ocr_carea ocr_par ocr_line ocrx_word'/>
</head>
<body>
  <div class='ocr_page' id='page_1' title='image "./musicapractican00wolfgoog_0029.png"; bbox 0 0 3592 5509; ppageno 0'>
   <div class='ocr_carea' id='block_1_1' title="bbox 1966 401 2391 466">
    <p class='ocr_par' dir='ltr' id='par_1_1' title="bbox 1966 401 2391 466">
     <span class='ocr_line' id='line_1_1' title="bbox 1966 401 2391 466; baseline 0 -14"><span class='ocrx_word' id='word_1_1' title='bbox 1966 401 2391 466; x_wconf 46' lang='lat'><strong>*12*</strong></span> 
     </span>
    </p>
   </div>
   <div class='ocr_carea' id='block_1_2' title="bbox 907 573 3469 3252">
    <p class='ocr_par' dir='ltr' id='par_1_2' title="bbox 907 573 3469 3252">
     <span class='ocr_line' id='line_1_2' title="bbox 910 573 3469 662; baseline -0.002 -19"><span class='ocrx_word' id='word_1_2' title='bbox 910 577 1306 644; x_wconf 72' lang='lat' dir='ltr'><strong>tetrachordi</strong></span> <span class='ocrx_word' id='word_1_3' title='bbox 1363 581 1592 662; x_wconf 86' lang='lat' dir='ltr'><strong>quarta</strong></span> <span class='ocrx_word' id='word_1_4' title='bbox 1650 597 1777 640; x_wconf 80' lang='lat' dir='ltr'><strong>vox</strong></span> <span class='ocrx_word' id='word_1_5' title='bbox 1832 579 1947 640; x_wconf 90' lang='lat' dir='ltr'><strong>est.</strong></span> <span class='ocrx_word' id='word_1_6' title='bbox 2037 573 2267 658; x_wconf 88' lang='lat' dir='ltr'><strong>Itaque</strong></span> <span class='ocrx_word' id='word_1_7' title='bbox 2336 595 2482 640; x_wconf 90' lang='lat' dir='ltr'><strong>cum</strong></span> <span class='ocrx_word' id='word_1_8' title='bbox 2548 575 2634 640; x_wconf 90' lang='lat' dir='ltr'><strong>sit</strong></span> <span class='ocrx_word' id='word_1_9' title='bbox 2676 575 2723 660; x_wconf 85' lang='lat' dir='ltr'><em>f</em></span> <span class='ocrx_word' id='word_1_10' title='bbox 2752 576 2858 659; x_wconf 83' lang='lat' dir='ltr'><strong>fa,</strong></span> <span class='ocrx_word' id='word_1_11' title='bbox 2916 581 2993 640; x_wconf 82' lang='lat' dir='ltr'><strong>ut</strong></span> <span class='ocrx_word' id='word_1_12' title='bbox 3050 575 3181 640; x_wconf 90' lang='lat' dir='ltr'><strong>sibi</strong></span> <span class='ocrx_word' id='word_1_13' title='bbox 3246 575 3469 638; x_wconf 83' lang='lat' dir='ltr'><strong>iunct-</strong></span> 
     </span>
     <span class='ocr_line' id='line_1_3' title="bbox 914 681 3469 768; baseline -0.002 -17"><span class='ocrx_word' id='word_1_14' title='bbox 914 685 1047 751; x_wconf 88' lang='lat' dir='ltr'><strong>tale</strong></span> <span class='ocrx_word' id='word_1_15' title='bbox 1092 707 1332 751; x_wconf 90' lang='lat' dir='ltr'><strong>nomen</strong></span> <span class='ocrx_word' id='word_1_16' title='bbox 1376 685 1678 768; x_wconf 81' lang='lat' dir='ltr'><strong>accipiet3</strong></span> <span class='ocrx_word' id='word_1_17' title='bbox 1739 688 1806 748; x_wconf 93' lang='lat' dir='ltr'><strong>et</strong></span> <span class='ocrx_word' id='word_1_18' title='bbox 1862 681 2153 767; x_wconf 87' lang='lat' dir='ltr'><strong>sequitur</strong></span> <span class='ocrx_word' id='word_1_19' title='bbox 2206 704 2353 748; x_wconf 90' lang='lat' dir='ltr'><strong>cum</strong></span> <span class='ocrx_word' id='word_1_20' title='bbox 2400 704 2443 767; x_wconf 99' lang='lat'><em>9</em></span> <span class='ocrx_word' id='word_1_21' title='bbox 2486 685 2675 748; x_wconf 81' lang='lat' dir='ltr'><strong>sol-re</strong></span> <span class='ocrx_word' id='word_1_22' title='bbox 2729 688 2794 748; x_wconf 88' lang='lat' dir='ltr'><strong>et</strong></span> <span class='ocrx_word' id='word_1_23' title='bbox 2839 704 2984 748; x_wconf 90' lang='lat' dir='ltr'><strong>cum</strong></span> <span class='ocrx_word' id='word_1_24' title='bbox 3037 705 3079 747; x_wconf 85' lang='lat' dir='ltr'><strong>a</strong></span> <span class='ocrx_word' id='word_1_25' title='bbox 3121 682 3356 748; x_wconf 79' lang='lat' dir='ltr'><strong>la-mi</strong></span> <span class='ocrx_word' id='word_1_26' title='bbox 3417 687 3469 746; x_wconf 74' lang='lat' dir='ltr'><strong>ei</strong></span> 
     </span>
     <span class='ocr_line' id='line_1_4' title="bbox 915 789 3469 879; baseline -0.001 -23"><span class='ocrx_word' id='word_1_27' title='bbox 915 815 999 858; x_wconf 87' lang='lat' dir='ltr'><strong>ne</strong></span> <span class='ocrx_word' id='word_1_28' title='bbox 1054 815 1125 859; x_wconf 91' lang='lat' dir='ltr'><strong>se</strong></span> <span class='ocrx_word' id='word_1_29' title='bbox 1182 793 1518 879; x_wconf 82' lang='lat' dir='ltr'><strong>ignorasse</strong></span> <span class='ocrx_word' id='word_1_30' title='bbox 1578 791 2068 857; x_wconf 90' lang='lat' dir='ltr'><strong>similitudinem</strong></span> <span class='ocrx_word' id='word_1_31' title='bbox 2100 793 2554 868; x_wconf 56' lang='lat' dir='ltr'><strong>⁴extremarum</strong></span> <span class='ocrx_word' id='word_1_32' title='bbox 2610 789 2921 876; x_wconf 81' lang='lat' dir='ltr'><strong>diapason</strong></span> <span class='ocrx_word' id='word_1_33' title='bbox 2981 789 3469 857; x_wconf 83' lang='lat' dir='ltr'><strong>includentiun</strong></span> 
     </span>
     <span class='ocr_line' id='line_1_5' title="bbox 909 899 3469 985; baseline -0.001 -21"><span class='ocrx_word' id='word_1_34' title='bbox 909 901 1254 980; x_wconf 81' lang='lat' dir='ltr'><strong>videretur,</strong></span> <span class='ocrx_word' id='word_1_35' title='bbox 1301 922 1558 966; x_wconf 89' lang='lat' dir='ltr'><strong>rursum</strong></span> <span class='ocrx_word' id='word_1_36' title='bbox 1599 899 2079 966; x_wconf 86' lang='lat' dir='ltr'><strong>hexachordum</strong></span> <span class='ocrx_word' id='word_1_37' title='bbox 2126 899 2443 966; x_wconf 88' lang='lat' dir='ltr'><strong>collocare</strong></span> <span class='ocrx_word' id='word_1_38' title='bbox 2487 899 2735 985; x_wconf 75' lang='lat' dir='ltr'><strong>incipit.</strong></span> <span class='ocrx_word' id='word_1_39' title='bbox 2826 899 2911 966; x_wconf 87' lang='lat' dir='ltr'><strong>Et</strong></span> <span class='ocrx_word' id='word_1_40' title='bbox 2956 922 3101 966; x_wconf 88' lang='lat' dir='ltr'><strong>cum</strong></span> <span class='ocrx_word' id='word_1_41' title='bbox 3146 921 3239 966; x_wconf 82' lang='lat' dir='ltr'><strong>ex</strong></span> <span class='ocrx_word' id='word_1_42' title='bbox 3282 920 3469 984; x_wconf 83' lang='lat' dir='ltr'><strong>prae</strong></span> 
     </span>
     <span class='ocr_line' id='line_1_6' title="bbox 909 1007 3469 1076; baseline -0.001 -3"><span class='ocrx_word' id='word_1_43' title='bbox 909 1009 1122 1074; x_wconf 85' lang='lat' dir='ltr'><strong>teritis</strong></span> <span class='ocrx_word' id='word_1_44' title='bbox 1175 1007 1604 1074; x_wconf 84' lang='lat' dir='ltr'><strong>tetrachordis</strong></span> <span class='ocrx_word' id='word_1_45' title='bbox 1664 1007 1915 1073; x_wconf 87' lang='lat' dir='ltr'><strong>duobus</strong></span> <span class='ocrx_word' id='word_1_46' title='bbox 1972 1009 2254 1074; x_wconf 90' lang='lat' dir='ltr'><strong>secundo</strong></span> <span class='ocrx_word' id='word_1_47' title='bbox 2307 1007 2612 1074; x_wconf 83' lang='lat' dir='ltr'><strong>videlicet</strong></span> <span class='ocrx_word' id='word_1_48' title='bbox 2670 1013 2738 1073; x_wconf 88' lang='lat' dir='ltr'><strong>et</strong></span> <span class='ocrx_word' id='word_1_49' title='bbox 2787 1007 2985 1074; x_wconf 85' lang='lat' dir='ltr'><strong>tertio</strong></span> <span class='ocrx_word' id='word_1_50' title='bbox 3041 1010 3207 1076; x_wconf 87' lang='lat' dir='ltr'><strong>duas</strong></span> <span class='ocrx_word' id='word_1_51' title='bbox 3274 1027 3469 1071; x_wconf 68' lang='lat' dir='ltr'><strong>voces</strong></span> 
     </span>
     <span class='ocr_line' id='line_1_7' title="bbox 907 1114 3469 1201; baseline -0.001 -20"><span class='ocrx_word' id='word_1_52' title='bbox 907 1116 1263 1183; x_wconf 88' lang='lat' dir='ltr'><strong>habeamus</strong></span> <span class='ocrx_word' id='word_1_53' title='bbox 1320 1116 1418 1181; x_wconf 91' lang='lat' dir='ltr'><strong>ibi</strong></span> <span class='ocrx_word' id='word_1_54' title='bbox 1475 1115 1746 1192; x_wconf 75' lang='lat' dir='ltr'>locatae,</span> <span class='ocrx_word' id='word_1_55' title='bbox 1816 1115 2065 1182; x_wconf 87' lang='lat' dir='ltr'><strong>scilicet</strong></span> <span class='ocrx_word' id='word_1_56' title='bbox 2118 1138 2263 1181; x_wconf 90' lang='lat' dir='ltr'><strong>cum</strong></span> <span class='ocrx_word' id='word_1_57' title='bbox 2324 1116 2549 1184; x_wconf 89' lang='lat' dir='ltr'><strong>littera</strong></span> <span class='ocrx_word' id='word_1_58' title='bbox 2594 1138 2637 1201; x_wconf 98' lang='lat'><em>9</em></span> <span class='ocrx_word' id='word_1_59' title='bbox 2694 1119 2882 1181; x_wconf 65' lang='lat' dir='ltr'><strong>sol-‘re</strong></span> <span class='ocrx_word' id='word_1_60' title='bbox 2924 1122 3005 1182; x_wconf 79' lang='lat' dir='ltr'><strong>ut</strong></span> <span class='ocrx_word' id='word_1_61' title='bbox 3056 1117 3189 1182; x_wconf 87' lang='lat' dir='ltr'><strong>sibi</strong></span> <span class='ocrx_word' id='word_1_62' title='bbox 3242 1114 3469 1180; x_wconf 75' lang='lat' dir='ltr'><strong>addita</strong></span> 
     </span>
     <span class='ocr_line' id='line_1_8' title="bbox 911 1222 3469 1308; baseline -0.001 -19"><span class='ocrx_word' id='word_1_63' title='bbox 911 1224 1030 1289; x_wconf 85' lang='lat' dir='ltr'><strong>tali</strong></span> <span class='ocrx_word' id='word_1_64' title='bbox 1096 1224 1357 1291; x_wconf 89' lang='lat' dir='ltr'><strong>nomine</strong></span> <span class='ocrx_word' id='word_1_65' title='bbox 1411 1229 1821 1308; x_wconf 82' lang='lat' dir='ltr'><strong>nuncupatur</strong></span> <span class='ocrx_word' id='word_1_66' title='bbox 1872 1222 2121 1289; x_wconf 85' lang='lat' dir='ltr'><strong>scilicet</strong></span> <span class='ocrx_word' id='word_1_67' title='bbox 2167 1246 2211 1308; x_wconf 94' lang='lat'><em>9</em></span> <span class='ocrx_word' id='word_1_68' title='bbox 2262 1226 2560 1288; x_wconf 67' lang='lat' dir='ltr'><strong>sobre-ut</strong></span> <span class='ocrx_word' id='word_1_69' title='bbox 2614 1229 2679 1290; x_wconf 85' lang='lat' dir='ltr'><strong>et</strong></span> <span class='ocrx_word' id='word_1_70' title='bbox 2730 1224 3142 1289; x_wconf 72' lang='lat' dir='ltr'><strong>continuatur</strong></span> <span class='ocrx_word' id='word_1_71' title='bbox 3218 1244 3397 1288; x_wconf 85' lang='lat' dir='ltr'><strong>cum</strong></span> <span class='ocrx_word' id='word_1_72' title='bbox 3448 1245 3469 1286; x_wconf 75' lang='lat' dir='ltr'><em>o</em></span> 
     </span>
     <span class='ocr_line' id='line_1_9' title="bbox 913 1330 3469 1420; baseline -0.001 -23"><span class='ocrx_word' id='word_1_73' title='bbox 913 1334 1225 1415; x_wconf 77' lang='lat' dir='ltr'><strong>la-mi-re,</strong></span> <span class='ocrx_word' id='word_1_74' title='bbox 1294 1331 1410 1397; x_wconf 90' lang='lat' dir='ltr'><strong>ubi</strong></span> <span class='ocrx_word' id='word_1_75' title='bbox 1471 1333 1854 1398; x_wconf 84' lang='lat' dir='ltr'><strong>secundum¹</strong></span> <span class='ocrx_word' id='word_1_76' title='bbox 1928 1335 2343 1398; x_wconf 78' lang='lat' dir='ltr'><strong>consumatur</strong></span> <span class='ocrx_word' id='word_1_77' title='bbox 2399 1331 2881 1398; x_wconf 81' lang='lat' dir='ltr'><strong>hexachordum</strong></span> <span class='ocrx_word' id='word_1_78' title='bbox 2939 1333 3198 1420; x_wconf 88' lang='lat' dir='ltr'><strong>duoque</strong></span> <span class='ocrx_word' id='word_1_79' title='bbox 3270 1330 3469 1394; x_wconf 83' lang='lat' dir='ltr'><strong>simul</strong></span> 
     </span>
     <span class='ocr_line' id='line_1_10' title="bbox 915 1439 3469 1525; baseline -0.002 -19"><span class='ocrx_word' id='word_1_80' title='bbox 915 1439 1309 1506; x_wconf 86' lang='lat' dir='ltr'><strong>coniunctim</strong></span> <span class='ocrx_word' id='word_1_81' title='bbox 1351 1439 1752 1524; x_wconf 84' lang='lat' dir='ltr'><strong>copulantur,</strong></span> <span class='ocrx_word' id='word_1_82' title='bbox 1800 1439 2051 1506; x_wconf 90' lang='lat' dir='ltr'><strong>scilicet</strong></span> <span class='ocrx_word' id='word_1_83' title='bbox 2076 1441 2169 1524; x_wconf 83' lang='lat' dir='ltr'><strong>fa,</strong></span> <span class='ocrx_word' id='word_1_84' title='bbox 2216 1441 2337 1504; x_wconf 81' lang='lat' dir='ltr'><strong>mi:</strong></span> <span class='ocrx_word' id='word_1_85' title='bbox 2386 1462 2531 1506; x_wconf 90' lang='lat' dir='ltr'><strong>cum</strong></span> <span class='ocrx_word' id='word_1_86' title='bbox 2561 1441 2771 1524; x_wconf 88' lang='lat' dir='ltr'><strong>primo</strong></span> <span class='ocrx_word' id='word_1_87' title='bbox 2806 1439 3056 1508; x_wconf 85' lang='lat' dir='ltr'><strong>scilicet</strong></span> <span class='ocrx_word' id='word_1_88' title='bbox 3097 1443 3132 1515; x_wconf 68' lang='lat' dir='ltr'><strong>b</strong></span> <span class='ocrx_word' id='word_1_89' title='bbox 3162 1441 3272 1525; x_wconf 81' lang='lat' dir='ltr'><strong>fa,</strong></span> <span class='ocrx_word' id='word_1_90' title='bbox 3334 1459 3469 1504; x_wconf 83' lang='lat' dir='ltr'><strong>cum</strong></span> 
     </span>
     <span class='ocr_line' id='line_1_11' title="bbox 910 1547 3469 1644; baseline -0 -32"><span class='ocrx_word' id='word_1_91' title='bbox 910 1549 1192 1633; x_wconf 85' lang='lat' dir='ltr'><strong>secundo</strong></span> <span class='ocrx_word' id='word_1_92' title='bbox 1224 1555 1254 1644; x_wconf 55' lang='grc' dir='ltr'>ἢ</span> <span class='ocrx_word' id='word_1_93' title='bbox 1304 1548 1688 1632; x_wconf 88' lang='lat' dir='ltr'><strong>quadratum</strong></span> <span class='ocrx_word' id='word_1_94' title='bbox 1717 1549 1830 1630; x_wconf 78' lang='lat' dir='ltr'><strong>mi,</strong></span> <span class='ocrx_word' id='word_1_95' title='bbox 1882 1569 2152 1632; x_wconf 91' lang='lat' dir='ltr'><strong>quarum</strong></span> <span class='ocrx_word' id='word_1_96' title='bbox 2186 1547 2447 1633; x_wconf 89' lang='lat' dir='ltr'><strong>quidem</strong></span> <span class='ocrx_word' id='word_1_97' title='bbox 2483 1568 2736 1631; x_wconf 83' lang='lat' dir='ltr'><strong>vocum,</strong></span> <span class='ocrx_word' id='word_1_98' title='bbox 2782 1549 2949 1615; x_wconf 90' lang='lat' dir='ltr'><strong>sicut</strong></span> <span class='ocrx_word' id='word_1_99' title='bbox 2976 1548 3245 1614; x_wconf 81' lang='lat' dir='ltr'><strong>litterae</strong></span> <span class='ocrx_word' id='word_1_100' title='bbox 3282 1568 3469 1612; x_wconf 89' lang='lat' dir='ltr'><strong>mon-</strong></span> 
     </span>
     <span class='ocr_line' id='line_1_12' title="bbox 909 1654 3469 1743; baseline 0 -23"><span class='ocrx_word' id='word_1_101' title='bbox 909 1659 1150 1721; x_wconf 82' lang='lat' dir='ltr'><strong>stratae</strong></span> <span class='ocrx_word' id='word_1_102' title='bbox 1196 1661 1347 1720; x_wconf 89' lang='lat' dir='ltr'><strong>sunt</strong></span> <span class='ocrx_word' id='word_1_103' title='bbox 1389 1655 1765 1740; x_wconf 87' lang='lat' dir='ltr'><strong>inaequales</strong></span> <span class='ocrx_word' id='word_1_104' title='bbox 1814 1677 1973 1734; x_wconf 88' lang='lat' dir='ltr'><strong>esse,</strong></span> <span class='ocrx_word' id='word_1_105' title='bbox 2028 1677 2223 1721; x_wconf 89' lang='lat' dir='ltr'><strong>unam</strong></span> <span class='ocrx_word' id='word_1_106' title='bbox 2270 1655 2568 1722; x_wconf 88' lang='lat' dir='ltr'><strong>altiorem</strong></span> <span class='ocrx_word' id='word_1_107' title='bbox 2624 1656 2753 1721; x_wconf 88' lang='lat' dir='ltr'><strong>alia</strong></span> <span class='ocrx_word' id='word_1_108' title='bbox 2806 1658 3289 1743; x_wconf 85' lang='lat' dir='ltr'><strong>cognoscimus.</strong></span> <span class='ocrx_word' id='word_1_109' title='bbox 3400 1654 3469 1720; x_wconf 79' lang='lat' dir='ltr'><strong>Et</strong></span> 
     </span>
     <span class='ocr_line' id='line_1_13' title="bbox 910 1762 3467 1849; baseline -0.003 -16"><span class='ocrx_word' id='word_1_110' title='bbox 910 1765 1004 1833; x_wconf 82' lang='lat' dir='ltr'><strong>sic</strong></span> <span class='ocrx_word' id='word_1_111' title='bbox 1033 1768 1228 1830; x_wconf 88' lang='lat' dir='ltr'><strong>tonus</strong></span> <span class='ocrx_word' id='word_1_112' title='bbox 1272 1763 1384 1828; x_wconf 89' lang='lat' dir='ltr'><strong>ille</strong></span> <span class='ocrx_word' id='word_1_113' title='bbox 1428 1763 1498 1828; x_wconf 91' lang='lat' dir='ltr'><strong>in</strong></span> <span class='ocrx_word' id='word_1_114' title='bbox 1548 1764 1674 1829; x_wconf 88' lang='lat' dir='ltr'><strong>duo</strong></span> <span class='ocrx_word' id='word_1_115' title='bbox 1705 1762 2050 1829; x_wconf 86' lang='lat' dir='ltr'><strong>semitonia</strong></span> <span class='ocrx_word' id='word_1_116' title='bbox 2096 1763 2417 1843; x_wconf 85' lang='lat' dir='ltr'><strong>dividitur,</strong></span> <span class='ocrx_word' id='word_1_117' title='bbox 2468 1768 2533 1829; x_wconf 84' lang='lat' dir='ltr'><strong>e&#39;t</strong></span> <span class='ocrx_word' id='word_1_118' title='bbox 2563 1764 2855 1849; x_wconf 87' lang='lat' dir='ltr'><strong>sequitur</strong></span> <span class='ocrx_word' id='word_1_119' title='bbox 2883 1787 3029 1829; x_wconf 93' lang='lat' dir='ltr'><strong>cum</strong></span> <span class='ocrx_word' id='word_1_120' title='bbox 3068 1787 3103 1830; x_wconf 82' lang='lat' dir='ltr'><strong>c</strong></span> <span class='ocrx_word' id='word_1_121' title='bbox 3128 1764 3467 1847; x_wconf 61' lang='lat' dir='ltr'><strong>sol-faeni,</strong></span> 
     </span>
     <span class='ocr_line' id='line_1_14' title="bbox 914 1871 3467 1956; baseline 0 -21"><span class='ocrx_word' id='word_1_122' title='bbox 914 1871 1083 1956; x_wconf 87' lang='lat' dir='ltr'><strong>quia,</strong></span> <span class='ocrx_word' id='word_1_123' title='bbox 1133 1872 1300 1937; x_wconf 90' lang='lat' dir='ltr'><strong>sicut</strong></span> <span class='ocrx_word' id='word_1_124' title='bbox 1345 1872 1697 1936; x_wconf 87' lang='lat' dir='ltr'><strong>secundum</strong></span> <span class='ocrx_word' id='word_1_125' title='bbox 1733 1871 2219 1938; x_wconf 87' lang='lat' dir='ltr'><strong>hexachordum</strong></span> <span class='ocrx_word' id='word_1_126' title='bbox 2265 1872 2346 1937; x_wconf 91' lang='lat' dir='ltr'><strong>ad</strong></span> <span class='ocrx_word' id='word_1_127' title='bbox 2374 1872 2655 1956; x_wconf 89' lang='lat' dir='ltr'><strong>primum</strong></span> <span class='ocrx_word' id='word_1_128' title='bbox 2697 1874 2767 1937; x_wconf 92' lang='lat' dir='ltr'><strong>in</strong></span> <span class='ocrx_word' id='word_1_129' title='bbox 2814 1894 2892 1939; x_wconf 90' lang='lat' dir='ltr'><strong>eo</strong></span> <span class='ocrx_word' id='word_1_130' title='bbox 2934 1873 3080 1939; x_wconf 92' lang='lat' dir='ltr'><strong>loco</strong></span> <span class='ocrx_word' id='word_1_131' title='bbox 3111 1873 3467 1956; x_wconf 84' lang='lat' dir='ltr'><strong>coniungi-</strong></span> 
     </span>
     <span class='ocr_line' id='line_1_15' title="bbox 911 1979 3467 2066; baseline -0 -23"><span class='ocrx_word' id='word_1_132' title='bbox 911 1983 1036 2061; x_wconf 89' lang='lat' dir='ltr'><strong>tur,</strong></span> <span class='ocrx_word' id='word_1_133' title='bbox 1088 1983 1154 2044; x_wconf 92' lang='lat' dir='ltr'><strong>et</strong></span> <span class='ocrx_word' id='word_1_134' title='bbox 1204 1982 1416 2044; x_wconf 84' lang='lat' dir='ltr'><strong>totum</strong></span> <span class='ocrx_word' id='word_1_135' title='bbox 1454 1979 1883 2063; x_wconf 87' lang='lat' dir='ltr'><strong>compositum</strong></span> <span class='ocrx_word' id='word_1_136' title='bbox 1913 1979 2005 2044; x_wconf 89' lang='lat' dir='ltr'><strong>sic</strong></span> <span class='ocrx_word' id='word_1_137' title='bbox 2059 1980 2437 2064; x_wconf 87' lang='lat' dir='ltr'><strong>appellatur,</strong></span> <span class='ocrx_word' id='word_1_138' title='bbox 2488 1980 2736 2046; x_wconf 87' lang='lat' dir='ltr'><strong>scilicet</strong></span> <span class='ocrx_word' id='word_1_139' title='bbox 2788 2003 2823 2046; x_wconf 82' lang='lat' dir='ltr'><strong>c</strong></span> <span class='ocrx_word' id='word_1_140' title='bbox 2871 1981 3185 2066; x_wconf 77' lang='lat' dir='ltr'><strong>sol-fa-ut.</strong></span> <span class='ocrx_word' id='word_1_141' title='bbox 3296 1979 3467 2044; x_wconf 86' lang='lat' dir='ltr'><strong>Con·</strong></span> 
     </span>
     <span class='ocr_line' id='line_1_16' title="bbox 913 2087 3465 2173; baseline 0 -23"><span class='ocrx_word' id='word_1_142' title='bbox 913 2087 1331 2172; x_wconf 86' lang='lat' dir='ltr'><strong>tinuaturque</strong></span> <span class='ocrx_word' id='word_1_143' title='bbox 1378 2109 1524 2151; x_wconf 90' lang='lat' dir='ltr'><strong>cum</strong></span> <span class='ocrx_word' id='word_1_144' title='bbox 1567 2089 1613 2151; x_wconf 81' lang='lat' dir='ltr'><strong>d</strong></span> <span class='ocrx_word' id='word_1_145' title='bbox 1653 2089 1933 2151; x_wconf 76' lang='lat' dir='ltr'><strong>la-sol-re</strong></span> <span class='ocrx_word' id='word_1_146' title='bbox 1979 2092 2045 2152; x_wconf 87' lang='lat' dir='ltr'><strong>et</strong></span> <span class='ocrx_word' id='word_1_147' title='bbox 2088 2089 2181 2152; x_wconf 91' lang='lat' dir='ltr'><strong>sic</strong></span> <span class='ocrx_word' id='word_1_148' title='bbox 2228 2089 2529 2172; x_wconf 85' lang='lat' dir='ltr'><strong>deinceps</strong></span> <span class='ocrx_word' id='word_1_149' title='bbox 2584 2111 2616 2154; x_wconf 82' lang='lat' dir='ltr'><strong>e</strong></span> <span class='ocrx_word' id='word_1_150' title='bbox 2658 2090 2865 2172; x_wconf 59' lang='lat' dir='ltr'><strong>lav-mi,</strong></span> <span class='ocrx_word' id='word_1_151' title='bbox 2922 2090 2966 2173; x_wconf 86' lang='lat' dir='ltr'><em>f</em></span> <span class='ocrx_word' id='word_1_152' title='bbox 2996 2090 3195 2173; x_wconf 69' lang='lat' dir='ltr'><strong>sev-ut,</strong></span> <span class='ocrx_word' id='word_1_153' title='bbox 3254 2109 3304 2172; x_wconf 89' lang='lat'><em>9</em></span> <span class='ocrx_word' id='word_1_154' title='bbox 3356 2090 3465 2151; x_wconf 84' lang='lat' dir='ltr'><strong>sol-</strong></span> 
     </span>
     <span class='ocr_line' id='line_1_17' title="bbox 913 2195 3465 2288; baseline 0 -30"><span class='ocrx_word' id='word_1_155' title='bbox 913 2200 1114 2276; x_wconf 72' lang='lat' dir='ltr'><strong>re-ut‚</strong></span> <span class='ocrx_word' id='word_1_156' title='bbox 1171 2216 1213 2258; x_wconf 85' lang='lat' dir='ltr'><strong>a</strong></span> <span class='ocrx_word' id='word_1_157' title='bbox 1256 2196 1567 2277; x_wconf 77' lang='lat' dir='ltr'><strong>la-mi-re,</strong></span> <span class='ocrx_word' id='word_1_158' title='bbox 1627 2195 1662 2272; x_wconf 71' lang='lat' dir='ltr'><strong>b</strong></span> <span class='ocrx_word' id='word_1_159' title='bbox 1695 2197 1788 2280; x_wconf 86' lang='lat' dir='ltr'><strong>fa,</strong></span> <span class='ocrx_word' id='word_1_160' title='bbox 1836 2208 1871 2288; x_wconf 55' lang='grc' dir='ltr'>η</span> <span class='ocrx_word' id='word_1_161' title='bbox 1910 2195 2223 2280; x_wconf 89' lang='lat' dir='ltr'><strong>quadrum</strong></span> <span class='ocrx_word' id='word_1_162' title='bbox 2266 2197 2365 2260; x_wconf 80' lang='lat' dir='ltr'><strong>mi</strong></span> <span class='ocrx_word' id='word_1_163' title='bbox 2407 2196 2574 2262; x_wconf 89' lang='lat' dir='ltr'><strong>sicut</strong></span> <span class='ocrx_word' id='word_1_164' title='bbox 2617 2197 2793 2280; x_wconf 88' lang='lat' dir='ltr'><strong>prius</strong></span> <span class='ocrx_word' id='word_1_165' title='bbox 2843 2201 2909 2263; x_wconf 88' lang='lat' dir='ltr'><strong>et</strong></span> <span class='ocrx_word' id='word_1_166' title='bbox 2944 2201 3217 2280; x_wconf 88' lang='lat' dir='ltr'><strong>possent</strong></span> <span class='ocrx_word' id='word_1_167' title='bbox 3268 2195 3465 2260; x_wconf 83' lang='lat' dir='ltr'><strong>hexa-</strong></span> 
     </span>
     <span class='ocr_line' id='line_1_18' title="bbox 913 2301 3461 2386; baseline 0.002 -20"><span class='ocrx_word' id='word_1_168' title='bbox 913 2302 1156 2368; x_wconf 90' lang='lat' dir='ltr'><strong>chorda</strong></span> <span class='ocrx_word' id='word_1_169' title='bbox 1197 2302 1264 2366; x_wconf 91' lang='lat' dir='ltr'><strong>in</strong></span> <span class='ocrx_word' id='word_1_170' title='bbox 1309 2301 1632 2366; x_wconf 88' lang='lat' dir='ltr'><strong>infinitum</strong></span> <span class='ocrx_word' id='word_1_171' title='bbox 1660 2303 2082 2386; x_wconf 87' lang='lat' dir='ltr'><strong>multiplicari</strong></span> <span class='ocrx_word' id='word_1_172' title='bbox 2126 2303 2308 2369; x_wconf 87' lang='lat' dir='ltr'><strong>iuxta</strong></span> <span class='ocrx_word' id='word_1_173' title='bbox 2336 2304 2753 2370; x_wconf 85' lang='lat' dir='ltr'><strong>instrumenti</strong></span> <span class='ocrx_word' id='word_1_174' title='bbox 2783 2303 3267 2370; x_wconf 86' lang='lat' dir='ltr'><strong>sufficientiam.</strong></span> <span class='ocrx_word' id='word_1_175' title='bbox 3340 2303 3461 2370; x_wconf 88' lang='lat' dir='ltr'><strong>Sed</strong></span> 
     </span>
     <span class='ocr_line' id='line_1_19' title="bbox 912 2409 3459 2497; baseline 0 -22"><span class='ocrx_word' id='word_1_176' title='bbox 912 2431 1058 2475; x_wconf 92' lang='lat' dir='ltr'><strong>cum</strong></span> <span class='ocrx_word' id='word_1_177' title='bbox 1101 2411 1172 2474; x_wconf 89' lang='lat' dir='ltr'><strong>in</strong></span> <span class='ocrx_word' id='word_1_178' title='bbox 1217 2411 1393 2474; x_wconf 92' lang='lat' dir='ltr'><strong>omni</strong></span> <span class='ocrx_word' id='word_1_179' title='bbox 1437 2409 1711 2475; x_wconf 86' lang='lat' dir='ltr'><strong>scientia</strong></span> <span class='ocrx_word' id='word_1_180' title='bbox 1747 2411 2131 2496; x_wconf 85' lang='lat' dir='ltr'><strong>quandoque</strong></span> <span class='ocrx_word' id='word_1_181' title='bbox 2178 2414 2261 2477; x_wconf 89' lang='lat' dir='ltr'><strong>ad</strong></span> <span class='ocrx_word' id='word_1_182' title='bbox 2289 2411 2483 2478; x_wconf 90' lang='lat' dir='ltr'><strong>finem</strong></span> <span class='ocrx_word' id='word_1_183' title='bbox 2526 2412 3032 2497; x_wconf 86' lang='lat' dir='ltr'><strong>perveniendum</strong></span> <span class='ocrx_word' id='word_1_184' title='bbox 3078 2413 3182 2496; x_wconf 84' lang='lat' dir='ltr'><strong>sit,</strong></span> <span class='ocrx_word' id='word_1_185' title='bbox 3234 2413 3459 2477; x_wconf 83' lang='lat' dir='ltr'><strong>iteran&#39;</strong></span> 
     </span>
     <span class='ocr_line' id='line_1_20' title="bbox 912 2517 3457 2606; baseline 0.001 -25"><span class='ocrx_word' id='word_1_186' title='bbox 912 2517 1323 2583; x_wconf 82' lang='lat' dir='ltr'><strong>hexachorda</strong></span> <span class='ocrx_word' id='word_1_187' title='bbox 1352 2519 1483 2582; x_wconf 88' lang='lat' dir='ltr'><strong>iam</strong></span> <span class='ocrx_word' id='word_1_188' title='bbox 1515 2518 1820 2584; x_wconf 88' lang='lat' dir='ltr'><strong>desinunt</strong></span> <span class='ocrx_word' id='word_1_189' title='bbox 1852 2523 1917 2583; x_wconf 89' lang='lat' dir='ltr'><strong>et</strong></span> <span class='ocrx_word' id='word_1_190' title='bbox 1945 2523 2292 2604; x_wconf 86' lang='lat' dir='ltr'><strong>propterea</strong></span> <span class='ocrx_word' id='word_1_191' title='bbox 2321 2521 2391 2584; x_wconf 92' lang='lat' dir='ltr'><strong>in</strong></span> <span class='ocrx_word' id='word_1_192' title='bbox 2420 2541 2454 2584; x_wconf 87' lang='lat' dir='ltr'><strong>c</strong></span> <span class='ocrx_word' id='word_1_193' title='bbox 2481 2521 2678 2606; x_wconf 83' lang='lat' dir='ltr'><strong>sol-fa</strong></span> <span class='ocrx_word' id='word_1_194' title='bbox 2717 2542 2849 2586; x_wconf 85' lang='lat' dir='ltr'><strong>non</strong></span> <span class='ocrx_word' id='word_1_195' title='bbox 2880 2520 3144 2604; x_wconf 87' lang='lat' dir='ltr'><strong>ponitur</strong></span> <span class='ocrx_word' id='word_1_196' title='bbox 3174 2519 3457 2604; x_wconf 74' lang='lat' dir='ltr'><strong>amplius</strong></span> 
     </span>
     <span class='ocr_line' id='line_1_21' title="bbox 910 2625 3455 2710; baseline 0.001 -21"><span class='ocrx_word' id='word_1_197' title='bbox 910 2631 1002 2689; x_wconf 77' lang='lat' dir='ltr'><strong>ut.</strong></span> <span class='ocrx_word' id='word_1_198' title='bbox 1095 2625 1226 2690; x_wconf 89' lang='lat' dir='ltr'><strong>Sed</strong></span> <span class='ocrx_word' id='word_1_199' title='bbox 1269 2625 1680 2710; x_wconf 84' lang='lat' dir='ltr'><strong>procedimus</strong></span> <span class='ocrx_word' id='word_1_200' title='bbox 1738 2627 1823 2692; x_wconf 88' lang='lat' dir='ltr'><strong>ad</strong></span> <span class='ocrx_word' id='word_1_201' title='bbox 1880 2628 1927 2692; x_wconf 79' lang='lat' dir='ltr'><strong>d</strong></span> <span class='ocrx_word' id='word_1_202' title='bbox 1977 2629 2177 2707; x_wconf 65' lang='lat' dir='ltr'><strong>lez-sol,</strong></span> <span class='ocrx_word' id='word_1_203' title='bbox 2237 2627 2351 2693; x_wconf 91' lang='lat' dir='ltr'><strong>ubi</strong></span> <span class='ocrx_word' id='word_1_204' title='bbox 2404 2631 2658 2692; x_wconf 86' lang='lat' dir='ltr'><strong>sextum</strong></span> <span class='ocrx_word' id='word_1_205' title='bbox 2716 2627 3199 2694; x_wconf 87' lang='lat' dir='ltr'><strong>hexachordum</strong></span> <span class='ocrx_word' id='word_1_206' title='bbox 3260 2628 3455 2692; x_wconf 89' lang='lat' dir='ltr'><strong>relin-</strong></span> 
     </span>
     <span class='ocr_line' id='line_1_22' title="bbox 920 2733 3458 2821; baseline 0.001 -25"><span class='ocrx_word' id='word_1_207' title='bbox 920 2733 1192 2818; x_wconf 79' lang='lat' dir='ltr'><strong>quimus,</strong></span> <span class='ocrx_word' id='word_1_208' title='bbox 1286 2733 1651 2818; x_wconf 88' lang='lat' dir='ltr'><strong>Septimum</strong></span> <span class='ocrx_word' id='word_1_209' title='bbox 1702 2756 1857 2800; x_wconf 85' lang='lat' dir='ltr'><strong>vero</strong></span> <span class='ocrx_word' id='word_1_210' title='bbox 1910 2733 1980 2800; x_wconf 90' lang='lat' dir='ltr'><strong>in</strong></span> <span class='ocrx_word' id='word_1_211' title='bbox 2032 2757 2063 2800; x_wconf 80' lang='lat' dir='ltr'><strong>e</strong></span> <span class='ocrx_word' id='word_1_212' title='bbox 2108 2735 2357 2820; x_wconf 87' lang='lat' dir='ltr'><strong>syllaba</strong></span> <span class='ocrx_word' id='word_1_213' title='bbox 2410 2737 2474 2799; x_wconf 81' lang='lat' dir='ltr'><strong>la</strong></span> <span class='ocrx_word' id='word_1_214' title='bbox 2516 2735 2863 2820; x_wconf 82' lang='lat' dir='ltr'><strong>perficitur.</strong></span> <span class='ocrx_word' id='word_1_215' title='bbox 2953 2735 3183 2821; x_wconf 87' lang='lat' dir='ltr'><strong>Itaque</strong></span> <span class='ocrx_word' id='word_1_216' title='bbox 3244 2737 3458 2820; x_wconf 77' lang='lat' dir='ltr'><strong>posuit</strong></span> 
     </span>
     <span class='ocr_line' id='line_1_23' title="bbox 915 2840 3451 2926; baseline 0.001 -21"><span class='ocrx_word' id='word_1_217' title='bbox 915 2846 1166 2924; x_wconf 89' lang='lat' dir='ltr'><strong>septem</strong></span> <span class='ocrx_word' id='word_1_218' title='bbox 1209 2840 1620 2907; x_wconf 86' lang='lat' dir='ltr'><strong>hexachorda</strong></span> <span class='ocrx_word' id='word_1_219' title='bbox 1662 2847 1931 2926; x_wconf 88' lang='lat' dir='ltr'><strong>propter</strong></span> <span class='ocrx_word' id='word_1_220' title='bbox 1974 2846 2223 2926; x_wconf 88' lang='lat' dir='ltr'><strong>septem</strong></span> <span class='ocrx_word' id='word_1_221' title='bbox 2269 2865 2459 2908; x_wconf 85' lang='lat' dir='ltr'><strong>voces</strong></span> <span class='ocrx_word' id='word_1_222' title='bbox 2506 2844 2896 2924; x_wconf 76' lang='lat' dir='ltr'><strong>differenteS,</strong></span> <span class='ocrx_word' id='word_1_223' title='bbox 2952 2849 3026 2909; x_wconf 92' lang='lat' dir='ltr'><strong>ut</strong></span> <span class='ocrx_word' id='word_1_224' title='bbox 3070 2845 3196 2910; x_wconf 87' lang='lat' dir='ltr'><strong>sibi</strong></span> <span class='ocrx_word' id='word_1_225' title='bbox 3247 2844 3451 2908; x_wconf 80' lang='lat' dir='ltr'><strong>visum</strong></span> 
     </span>
     <span class='ocr_line' id='line_1_24' title="bbox 915 2947 3451 3036; baseline 0.002 -25"><span class='ocrx_word' id='word_1_226' title='bbox 915 2947 1056 3031; x_wconf 87' lang='lat' dir='ltr'><strong>fuit,</strong></span> <span class='ocrx_word' id='word_1_227' title='bbox 1121 2948 1293 3033; x_wconf 89' lang='lat' dir='ltr'><strong>quod</strong></span> <span class='ocrx_word' id='word_1_228' title='bbox 1349 2949 1643 3014; x_wconf 85' lang='lat' dir='ltr'><strong>subiecta</strong></span> <span class='ocrx_word' id='word_1_229' title='bbox 1699 2949 2053 3034; x_wconf 87' lang='lat' dir='ltr'><strong>patefaciet</strong></span> <span class='ocrx_word' id='word_1_230' title='bbox 2111 2950 2333 3036; x_wconf 86' lang='lat' dir='ltr'><strong>figura.</strong></span> <span class='ocrx_word' id='word_1_231' title='bbox 2425 2950 2707 3018; x_wconf 87' lang='lat' dir='ltr'><strong>Videsne</strong></span> <span class='ocrx_word' id='word_1_232' title='bbox 2765 2957 3011 3019; x_wconf 87' lang='lat' dir='ltr'><strong>rectam</strong></span> <span class='ocrx_word' id='word_1_233' title='bbox 3072 2952 3451 3018; x_wconf 81' lang='lat' dir='ltr'><strong>Gnidonis</strong></span> 
     </span>
     <span class='ocr_line' id='line_1_25' title="bbox 913 3055 3451 3147; baseline 0.002 -27"><span class='ocrx_word' id='word_1_234' title='bbox 913 3055 1236 3142; x_wconf 83' lang='lat' dir='ltr'><strong>figuram?</strong></span> <span class='ocrx_word' id='word_1_235' title='bbox 1286 3058 1436 3142; x_wconf 89' lang='lat' dir='ltr'><strong>Ipse</strong></span> <span class='ocrx_word' id='word_1_236' title='bbox 1481 3079 1640 3122; x_wconf 85' lang='lat' dir='ltr'><strong>vero</strong></span> <span class='ocrx_word' id='word_1_237' title='bbox 1679 3079 1814 3123; x_wconf 91' lang='lat' dir='ltr'><strong>non</strong></span> <span class='ocrx_word' id='word_1_238' title='bbox 1858 3057 1967 3140; x_wconf 86' lang='lat' dir='ltr'><strong>sic,</strong></span> <span class='ocrx_word' id='word_1_239' title='bbox 2019 3058 2133 3123; x_wconf 89' lang='lat' dir='ltr'><strong>sed</strong></span> <span class='ocrx_word' id='word_1_240' title='bbox 2178 3081 2295 3142; x_wconf 89' lang='lat' dir='ltr'><strong>per</strong></span> <span class='ocrx_word' id='word_1_241' title='bbox 2337 3059 2667 3124; x_wconf 89' lang='lat' dir='ltr'><strong>iuncturas</strong></span> <span class='ocrx_word' id='word_1_242' title='bbox 2712 3061 2897 3144; x_wconf 89' lang='lat' dir='ltr'><strong>ponit</strong></span> <span class='ocrx_word' id='word_1_243' title='bbox 2932 3060 3297 3147; x_wconf 84' lang='lat' dir='ltr'><strong>digitorum</strong></span> <span class='ocrx_word' id='word_1_244' title='bbox 3342 3059 3451 3125; x_wconf 83' lang='lat' dir='ltr'><strong>hoc</strong></span> 
     </span>
     <span class='ocr_line' id='line_1_26' title="bbox 909 3165 2053 3252; baseline 0.003 -24"><span class='ocrx_word' id='word_1_245' title='bbox 909 3165 1138 3229; x_wconf 86' lang='lat' dir='ltr'><strong>modo:</strong></span> <span class='ocrx_word' id='word_1_246' title='bbox 1191 3168 1334 3247; x_wconf 82' lang='lat' dir='ltr'><strong>(pag.</strong></span> <span class='ocrx_word' id='word_1_247' title='bbox 1372 3182 1431 3232; x_wconf 91' lang='lat'><strong>11</strong></span> <span class='ocrx_word' id='word_1_248' title='bbox 1480 3180 1651 3244; x_wconf 84' lang='lat' dir='ltr'><strong>figura</strong></span> <span class='ocrx_word' id='word_1_249' title='bbox 1682 3182 1734 3241; x_wconf 87' lang='lat'><strong>3,</strong></span> <span class='ocrx_word' id='word_1_250' title='bbox 1790 3195 1912 3246; x_wconf 82' lang='lat' dir='ltr'><strong>pag.</strong></span> <span class='ocrx_word' id='word_1_251' title='bbox 1951 3168 2053 3252; x_wconf 87' lang='lat'><strong>12).</strong></span> 
     </span>
    </p>
   </div>
   <div class='ocr_carea' id='block_1_3' title="bbox 1059 3466 3314 3716">
    <p class='ocr_par' dir='ltr' id='par_1_3' title="bbox 1059 3466 3314 3716">
     <span class='ocr_line' id='line_1_27' title="bbox 1721 3466 2686 3553; baseline 0.006 -18"><span class='ocrx_word' id='word_1_252' title='bbox 1721 3466 2215 3550; x_wconf 84' lang='lat' dir='ltr'><strong>capitulum</strong></span> <span class='ocrx_word' id='word_1_253' title='bbox 2267 3471 2686 3553; x_wconf 86' lang='lat' dir='ltr'><strong>quintum.</strong></span> 
     </span>
     <span class='ocr_line' id='line_1_28' title="bbox 1059 3618 3314 3716; baseline 0.003 -28"><span class='ocrx_word' id='word_1_254' title='bbox 1059 3618 1550 3698; x_wconf 87' lang='lat' dir='ltr'><strong>Quorundam</strong></span> <span class='ocrx_word' id='word_1_255' title='bbox 1605 3621 1873 3692; x_wconf 85' lang='lat' dir='ltr'><strong>erroris</strong></span> <span class='ocrx_word' id='word_1_256' title='bbox 1940 3621 2134 3692; x_wconf 89' lang='lat' dir='ltr'><strong>circa</strong></span> <span class='ocrx_word' id='word_1_257' title='bbox 2188 3623 2647 3716; x_wconf 86' lang='lat' dir='ltr'><strong>praedictam</strong></span> <span class='ocrx_word' id='word_1_258' title='bbox 2704 3623 2905 3695; x_wconf 86' lang='lat' dir='ltr'><strong>clara</strong></span> <span class='ocrx_word' id='word_1_259' title='bbox 2959 3623 3314 3695; x_wconf 79' lang='lat' dir='ltr'><strong>ostensio,</strong></span> 
     </span>
    </p>
   </div>
   <div class='ocr_carea' id='block_1_4' title="bbox 906 3783 3445 4517">
    <p class='ocr_par' dir='ltr' id='par_1_4' title="bbox 910 3783 3445 3919">
     <span class='ocr_line' id='line_1_29' title="bbox 910 3783 3445 3919; baseline 0.002 -71"><span class='ocrx_word' id='word_1_260' title='bbox 910 3783 1210 3919; x_wconf 82' lang='lat' dir='ltr'><strong>LIOET</strong></span> <span class='ocrx_word' id='word_1_261' title='bbox 1238 3807 1371 3850; x_wconf 88' lang='lat' dir='ltr'><strong>non</strong></span> <span class='ocrx_word' id='word_1_262' title='bbox 1403 3786 1637 3857; x_wconf 86' lang='lat' dir='ltr'><strong>omnia,</strong></span> <span class='ocrx_word' id='word_1_263' title='bbox 1689 3809 1852 3871; x_wconf 87' lang='lat' dir='ltr'><strong>quae</strong></span> <span class='ocrx_word' id='word_1_264' title='bbox 1886 3786 2055 3852; x_wconf 87' lang='lat' dir='ltr'><strong>circa</strong></span> <span class='ocrx_word' id='word_1_265' title='bbox 2084 3786 2245 3853; x_wconf 90' lang='lat' dir='ltr'><strong>haec</strong></span> <span class='ocrx_word' id='word_1_266' title='bbox 2292 3790 2375 3854; x_wconf 87' lang='lat' dir='ltr'><strong>ab</strong></span> <span class='ocrx_word' id='word_1_267' title='bbox 2419 3791 2564 3874; x_wconf 88' lang='lat' dir='ltr'><strong>ipso</strong></span> <span class='ocrx_word' id='word_1_268' title='bbox 2609 3794 2956 3874; x_wconf 88' lang='lat' dir='ltr'><strong>ponuntur,</strong></span> <span class='ocrx_word' id='word_1_269' title='bbox 3004 3791 3135 3856; x_wconf 88' lang='lat' dir='ltr'><strong>sint</strong></span> <span class='ocrx_word' id='word_1_270' title='bbox 3179 3814 3217 3855; x_wconf 86' lang='lat' dir='ltr'><strong>a</strong></span> <span class='ocrx_word' id='word_1_271' title='bbox 3262 3791 3445 3856; x_wconf 85' lang='lat' dir='ltr'><strong>nobis</strong></span> 
     </span>
    </p>

    <p class='ocr_par' dir='ltr' id='par_1_5' title="bbox 906 3891 3443 4517">
     <span class='ocr_line' id='line_1_30' title="bbox 1004 3891 3443 3979; baseline 0.003 -24"><span class='ocrx_word' id='word_1_272' title='bbox 1004 3891 1363 3976; x_wconf 87' lang='lat' dir='ltr'><strong>propalata,</strong></span> <span class='ocrx_word' id='word_1_273' title='bbox 1417 3915 1550 3958; x_wconf 90' lang='lat' dir='ltr'><strong>non</strong></span> <span class='ocrx_word' id='word_1_274' title='bbox 1606 3898 1827 3959; x_wconf 89' lang='lat' dir='ltr'><strong>tamen</strong></span> <span class='ocrx_word' id='word_1_275' title='bbox 1880 3900 2223 3979; x_wconf 89' lang='lat' dir='ltr'><strong>propterea</strong></span> <span class='ocrx_word' id='word_1_276' title='bbox 2283 3897 2596 3964; x_wconf 89' lang='lat' dir='ltr'><strong>lectorem</strong></span> <span class='ocrx_word' id='word_1_277' title='bbox 2640 3898 3102 3964; x_wconf 87' lang='lat' dir='ltr'><strong>arbitraturum</strong></span> <span class='ocrx_word' id='word_1_278' title='bbox 3154 3920 3327 3976; x_wconf 89' lang='lat' dir='ltr'><strong>reor,</strong></span> <span class='ocrx_word' id='word_1_279' title='bbox 3389 3899 3443 3963; x_wconf 91' lang='lat' dir='ltr'><strong>id</strong></span> 
     </span>
     <span class='ocr_line' id='line_1_31' title="bbox 907 4000 3443 4092; baseline 0.003 -29"><span class='ocrx_word' id='word_1_280' title='bbox 907 4021 1026 4064; x_wconf 90' lang='lat' dir='ltr'><strong>nos</strong></span> <span class='ocrx_word' id='word_1_281' title='bbox 1071 4005 1318 4065; x_wconf 87' lang='lat' dir='ltr'><strong>temere</strong></span> <span class='ocrx_word' id='word_1_282' title='bbox 1364 4000 1626 4081; x_wconf 85' lang='lat' dir='ltr'><strong>fecisse3</strong></span> <span class='ocrx_word' id='word_1_283' title='bbox 1678 4006 1744 4066; x_wconf 90' lang='lat' dir='ltr'><strong>et</strong></span> <span class='ocrx_word' id='word_1_284' title='bbox 1772 4002 2084 4086; x_wconf 79' lang='lat' dir='ltr'><strong>profectO,</strong></span> <span class='ocrx_word' id='word_1_285' title='bbox 2136 4003 2189 4068; x_wconf 88' lang='lat' dir='ltr'><strong>si</strong></span> <span class='ocrx_word' id='word_1_286' title='bbox 2234 4005 2403 4070; x_wconf 84' lang='lat' dir='ltr'><strong>votis</strong></span> <span class='ocrx_word' id='word_1_287' title='bbox 2435 4007 2900 4092; x_wconf 87' lang='lat' dir='ltr'><strong>conatibusque</strong></span> <span class='ocrx_word' id='word_1_288' title='bbox 2944 4007 3185 4072; x_wconf 88' lang='lat' dir='ltr'><strong>nostris</strong></span> <span class='ocrx_word' id='word_1_289' title='bbox 3214 4006 3443 4072; x_wconf 83' lang='lat' dir='ltr'><strong>faverit</strong></span> 
     </span>
     <span class='ocr_line' id='line_1_32' title="bbox 912 4107 3442 4198; baseline 0.003 -26"><span class='ocrx_word' id='word_1_290' title='bbox 912 4109 1088 4189; x_wconf 75' lang='lat' dir='ltr'><strong>deUS,</strong></span> <span class='ocrx_word' id='word_1_291' title='bbox 1151 4107 1283 4172; x_wconf 89' lang='lat' dir='ltr'><strong>suis</strong></span> <span class='ocrx_word' id='word_1_292' title='bbox 1329 4108 1398 4171; x_wconf 89' lang='lat' dir='ltr'><strong>in</strong></span> <span class='ocrx_word' id='word_1_293' title='bbox 1441 4107 1602 4173; x_wconf 90' lang='lat' dir='ltr'><strong>locis</strong></span> <span class='ocrx_word' id='word_1_294' title='bbox 1649 4131 1889 4190; x_wconf 89' lang='lat' dir='ltr'><strong>eorum,</strong></span> <span class='ocrx_word' id='word_1_295' title='bbox 1953 4133 2117 4196; x_wconf 88' lang='lat' dir='ltr'><strong>quae</strong></span> <span class='ocrx_word' id='word_1_296' title='bbox 2172 4112 2255 4177; x_wconf 89' lang='lat' dir='ltr'><strong>ab</strong></span> <span class='ocrx_word' id='word_1_297' title='bbox 2298 4113 2441 4198; x_wconf 88' lang='lat' dir='ltr'><strong>ipso</strong></span> <span class='ocrx_word' id='word_1_298' title='bbox 2490 4119 2555 4179; x_wconf 90' lang='lat' dir='ltr'><strong>et</strong></span> <span class='ocrx_word' id='word_1_299' title='bbox 2600 4114 2681 4179; x_wconf 88' lang='lat' dir='ltr'><strong>ab</strong></span> <span class='ocrx_word' id='word_1_300' title='bbox 2739 4115 2882 4180; x_wconf 86' lang='lat' dir='ltr'><strong>aliis</strong></span> <span class='ocrx_word' id='word_1_301' title='bbox 2926 4115 3299 4180; x_wconf 89' lang='lat' dir='ltr'><strong>inordinata</strong></span> <span class='ocrx_word' id='word_1_302' title='bbox 3352 4115 3442 4180; x_wconf 91' lang='lat' dir='ltr'><strong>in-</strong></span> 
     </span>
     <span class='ocr_line' id='line_1_33' title="bbox 910 4215 3441 4304; baseline 0.004 -25"><span class='ocrx_word' id='word_1_303' title='bbox 910 4215 1332 4300; x_wconf 84' lang='lat' dir='ltr'><strong>digestaque2</strong></span> <span class='ocrx_word' id='word_1_304' title='bbox 1386 4221 1732 4301; x_wconf 86' lang='lat' dir='ltr'><strong>ponuntur,</strong></span> <span class='ocrx_word' id='word_1_305' title='bbox 1802 4241 1884 4282; x_wconf 92' lang='lat' dir='ltr'><strong>ne</strong></span> <span class='ocrx_word' id='word_1_306' title='bbox 1932 4240 2129 4283; x_wconf 88' lang='lat' dir='ltr'><strong>unum</strong></span> <span class='ocrx_word' id='word_1_307' title='bbox 2186 4219 2443 4304; x_wconf 89' lang='lat' dir='ltr'><strong>quidem</strong></span> <span class='ocrx_word' id='word_1_308' title='bbox 2495 4221 2635 4286; x_wconf 90' lang='lat' dir='ltr'><strong>iota</strong></span> <span class='ocrx_word' id='word_1_309' title='bbox 2686 4223 2769 4287; x_wconf 90' lang='lat' dir='ltr'><strong>ad</strong></span> <span class='ocrx_word' id='word_1_310' title='bbox 2820 4245 2959 4288; x_wconf 87' lang='lat' dir='ltr'><strong>rem</strong></span> <span class='ocrx_word' id='word_1_311' title='bbox 3011 4224 3441 4288; x_wconf 86' lang='lat' dir='ltr'><strong>necessarium</strong></span> 
     </span>
     <span class='ocr_line' id='line_1_34' title="bbox 906 4322 3441 4418; baseline 0.005 -32"><span class='ocrx_word' id='word_1_312' title='bbox 906 4322 1308 4407; x_wconf 85' lang='lat' dir='ltr'><strong>relinquetur</strong></span> <span class='ocrx_word' id='word_1_313' title='bbox 1347 4323 1682 4389; x_wconf 86' lang='lat' dir='ltr'><strong>intactum.</strong></span> <span class='ocrx_word' id='word_1_314' title='bbox 1776 4324 1909 4392; x_wconf 84' lang='lat' dir='ltr'><strong>Sed</strong></span> <span class='ocrx_word' id='word_1_315' title='bbox 1955 4332 2019 4391; x_wconf 87' lang='lat' dir='ltr'><strong>et</strong></span> <span class='ocrx_word' id='word_1_316' title='bbox 2067 4327 2195 4392; x_wconf 90' lang='lat' dir='ltr'><strong>alia</strong></span> <span class='ocrx_word' id='word_1_317' title='bbox 2241 4329 2518 4413; x_wconf 88' lang='lat' dir='ltr'><strong>quidem,</strong></span> <span class='ocrx_word' id='word_1_318' title='bbox 2571 4352 2733 4414; x_wconf 90' lang='lat' dir='ltr'><strong>quae</strong></span> <span class='ocrx_word' id='word_1_319' title='bbox 2780 4331 2992 4396; x_wconf 88' lang='lat' dir='ltr'><strong>minus</strong></span> <span class='ocrx_word' id='word_1_320' title='bbox 3034 4331 3163 4415; x_wconf 89' lang='lat' dir='ltr'><strong>ipsi</strong></span> <span class='ocrx_word' id='word_1_321' title='bbox 3208 4353 3441 4418; x_wconf 84' lang='lat' dir='ltr'><strong>cogno-</strong></span> 
     </span>
     <span class='ocr_line' id='line_1_35' title="bbox 906 4430 2985 4517; baseline 0.004 -24"><span class='ocrx_word' id='word_1_322' title='bbox 906 4435 1137 4495; x_wconf 86' lang='lat' dir='ltr'><strong>verunt</strong></span> <span class='ocrx_word' id='word_1_323' title='bbox 1183 4435 1249 4494; x_wconf 88' lang='lat' dir='ltr'><strong>et</strong></span> <span class='ocrx_word' id='word_1_324' title='bbox 1289 4430 1360 4494; x_wconf 86' lang='lat' dir='ltr'><strong>in</strong></span> <span class='ocrx_word' id='word_1_325' title='bbox 1407 4432 1638 4516; x_wconf 89' lang='lat' dir='ltr'><strong>quibus</strong></span> <span class='ocrx_word' id='word_1_326' title='bbox 1662 4432 1816 4497; x_wconf 86' lang='lat' dir='ltr'><strong>illis</strong></span> <span class='ocrx_word' id='word_1_327' title='bbox 1864 4455 2042 4500; x_wconf 89' lang='lat' dir='ltr'><strong>error</strong></span> <span class='ocrx_word' id='word_1_328' title='bbox 2084 4435 2310 4517; x_wconf 87' lang='lat' dir='ltr'><strong>illusit,</strong></span> <span class='ocrx_word' id='word_1_329' title='bbox 2358 4459 2511 4503; x_wconf 82' lang='lat' dir='ltr'><strong>mox</strong></span> <span class='ocrx_word' id='word_1_330' title='bbox 2556 4439 2985 4504; x_wconf 89' lang='lat' dir='ltr'><strong>edocebimus.</strong></span> 
     </span>
    </p>
   </div>
   <div class='ocr_carea' id='block_1_5' title="bbox 920 4555 1322 4566">
    <p class='ocr_par' dir='ltr' id='par_1_6' title="bbox 920 4555 1322 4566">
     <span class='ocr_line' id='line_1_36' title="bbox 920 4555 1322 4566; baseline 0 943"><span class='ocrx_word' id='word_1_331' title='bbox 920 4555 1322 4566; x_wconf 95' lang='lat' dir='ltr'><strong> </strong></span> 
     </span>
    </p>
   </div>
   <div class='ocr_carea' id='block_1_6' title="bbox 1079 4603 1559 4760">
    <p class='ocr_par' dir='ltr' id='par_1_7' title="bbox 1079 4603 1559 4760">
     <span class='ocr_line' id='line_1_37' title="bbox 1083 4603 1392 4660; baseline 0.006 -2"><span class='ocrx_word' id='word_1_332' title='bbox 1083 4607 1102 4643; x_wconf 86' lang='lat'>1</span> <span class='ocrx_word' id='word_1_333' title='bbox 1136 4603 1392 4660; x_wconf 85' lang='lat' dir='ltr'><strong>tertium.</strong></span> 
     </span>
     <span class='ocr_line' id='line_1_38' title="bbox 1079 4688 1559 4760; baseline 0.004 -18"><span class='ocrx_word' id='word_1_334' title='bbox 1079 4690 1103 4727; x_wconf 87' lang='lat'>2</span> <span class='ocrx_word' id='word_1_335' title='bbox 1135 4688 1559 4760; x_wconf 83' lang='lat' dir='ltr'><strong>indigesteque.</strong></span> 
     </span>
    </p>
   </div>
  </div>
 </body>
</html>
