3592 5509
1387 426 1815 492 ...23-

324 599 482 664 facit
535 600 606 664 in
657 602 841 665 sexto
900 599 1087 683 libro,
1146 621 1337 684 quem
1392 600 1467 664 de
1518 620 1588 664 re
1636 600 1905 684 publica
1958 600 2339 685 composuit,
2411 599 2557 667 aliis
2613 599 2872 685 quidem

326 707 558 790 verbis,
635 708 766 772 -sed
844 705 916 772 in
989 706 1112 774 hac
1190 712 1411 773 tamen
1495 707 1818 774 sententia
1836 713 1873 772 ¹.
2008 709 2095 775 Et
2181 708 2307 775 hoc
2394 713 2707 794 quantum
2792 709 2874 774 ad

327 815 780 900 septenarium.
2480 817 2485 822 ’

501 922 828 1001 Quantum
872 945 1026 990 vero
1073 925 1156 989 ad
1201 925 1545 1008 senarium,
1605 925 1755 1010 quia
1801 923 2299 991 mathematicae
2358 930 2509 990 sunt
2560 925 2869 1009 rationes,

331 1032 616 1097 dicemus
670 1031 1130 1098 mathematica
1157 1054 1455 1117 corpora
1510 1033 1917 1098 subiicienda.
1983 1055 2122 1098 esse
2182 1033 2563 1118 cogitationi
2620 1038 2685 1099 et
2740 1055 2873 1099 non

331 1139 566 1204 sensui.
656 1140 734 1205 In
789 1139 1020 1225 quibus
1073 1140 1462 1224 principium
1538 1145 1637 1206 est
1688 1146 1981 1225 punctus,
2049 1140 2159 1226 qui
2222 1141 2698 1227 longitudinem
2754 1161 2876 1205 nec

328 1248 742 1314 latitudinem
771 1247 972 1314 habet
1000 1270 1119 1314 nec
1148 1248 1656 1334 profunditatem
1695 1253 1809 1313 aut
1848 1248 2275 1314 altitudinem.
2350 1248 2474 1313 Hic
2511 1252 2876 1333 protractus

334 1355 533 1421 efficit
576 1355 835 1440 lineam,
885 1378 1048 1440 quae
1093 1356 1282 1421 unius
1329 1357 1749 1422 dimensionis
1810 1364 1911 1424 est
1954 1357 2204 1422 scilicet
2254 1355 2682 1442 longitudinis
2736 1355 2875 1420 sine

331 1463 674 1535 latitudine
723 1468 788 1530 et
831 1463 1269 1548 profunditate
1317 1469 1384 1531 et
1417 1465 1678 1531 ‘duobus
1723 1464 1980 1550 punctis
2027 1488 2106 1531 ex
2136 1469 2405 1549 utraque
2436 1469 2620 1548 parte
2666 1462 2883 1550 longi-

338 1571 629 1636 tudinem
694 1573 1192 1638 terminantibus
1264 1572 1646 1638 continetur.
1763 1573 1948 1638 Hanc
2007 1573 2247 1640 lineam
2313 1573 2369 1636 si
2431 1573 2881 1658 geminaveris,

335 1679 608 1745 alterum
647 1696 914 1764 'corpus
985 1679 1517 1745 mathematicum
1582 1681 1714 1762 fiet,
1793 1682 1965 1765 quod
2041 1681 2290 1747 duabus
2366 1680 2876 1746 dimensionibus

335 1787 718 1867 extenditur,
787 1787 857 1852 in
921 1788 1190 1875 longum
1224 1817 1230 1822 ·
1259 1788 1508 1854 scilicet
1571 1794 1636 1854 et
1701 1790 1908 1854 latum
1975 1811 2201 1855 carens
2269 1788 2631 1871 altitudine,
2703 1788 2877 1872 quod

337 1895 707 1978 superficies
754 1895 1014 1976 dicitur3
1077 1901 1143 1961 et
1197 1896 1322 1962 hoc
1364 1897 1620 1981 punctis
1678 1901 1954 1981 quatuor
1998 1898 2365 1963 continetur
2417 1897 2585 1961 datis
2631 1896 2881 1961 scilicet

339 2002 608 2068 cuilibet
652 2005 920 2068 duarum
963 2004 1277 2070 linearum
1327 2006 1575 2070 duobus
1619 2007 1896 2089 punctis,
1988 2004 2061 2070 Si
2104 2026 2258 2070 vero
2302 2003 2427 2068 hae
2474 2005 2638 2069 duae
2666 2004 2879 2068 lineae

339 2110 580 2177 fuerint
626 2111 1006 2196 duplicatae,
1056 2116 1146 2194 ut,
1196 2113 1250 2176 si
1297 2112 1603 2178 subiectis
1642 2113 1889 2178 duabus
1922 2113 2087 2177 duae
2130 2111 2297 2177 aliae
2343 2113 2880 2196 superponantur,

339 2219 678 2285 adiicietur
732 2219 1136 2303 profunditas
1206 2225 1272 2285 et
1337 2221 1430 2285 sic
1497 2219 1776 2286 solidum
1843 2242 2075 2304 corpus
2138 2219 2430 2298 efficitur,
2503 2221 2675 2304 quod
2742 2219 2879 2285 sine

341 2327 535 2393 dubio
583 2331 731 2394 octo
779 2327 1032 2414 angulis
1080 2328 1463 2394 continetur.
1553 2329 1642 2393 Et
1690 2328 1815 2393 hoc
1872 2328 2091 2394 videre
2150 2349 2493 2412 possumus
2536 2328 2627 2392 in·
2650 2327 2877 2393 taxillo

341 2457 458 2500 seu
500 2440 766 2515 tessera,
815 2458 978 2520 quae
1026 2440 1092 2500 et
1135 2437 1336 2501 cubus
1381 2458 1618 2522 graeco
1662 2437 1925 2501 nomine
1976 2440 2260 2502 vocatur.

341 2733 638 2788 hominum
675 2734 875 2803 generi
915 2735 1099 2802 datos,
1137 2753 1312 2809 supra
1349 2734 1567 2790 Lunam
1605 2737 1741 2790 sunt
1775 2739 2014 2791 aeterna
2050 2735 2258 2790 omnia.
2321 2734 2467 2790 Nam
2504 2752 2573 2790 ea
2609 2751 2756 2802 quae
2796 2737 2889 2790 est

342 2819 534 2874 media
571 2823 630 2874 et
663 2837 817 2875 nona
851 2821 1028 2877 tellus
1064 2839 1254 2891 neque
1289 2825 1557 2877 movetur
1593 2824 1654 2877 et
1688 2821 1889 2877 infima
1924 2825 2016 2877 est
2052 2824 2114 2878 et
2148 2822 2209 2876 in
2244 2838 2371 2876 eam
2405 2821 2670 2877 feruntur
2695 2819 2890 2875 omnia

342 2909 491 2960 nutu
531 2922 634 2961 suo
659 2909 931 2977 pondera.
1003 2907 1190 2962 XVIII
1216 2909 1297 2975 [V]
1335 2908 1428 2962 18:
1469 2907 1625 2974 Quae
1653 2903 1833 2978 quum
1856 2909 2116 2964 intuerer
2140 2911 2398 2978 stupens,
2437 2911 2504 2962 ut
2538 2924 2630 2962 me
2668 2906 2887 2976 recepi:

347 2991 484 3058 Quis
522 2992 641 3059 hic,
688 2993 950 3062 inquam,
1002 2993 1131 3062 quis
1170 2997 1284 3062 est,
1337 2994 1435 3063 qui
1486 2993 1741 3064 complet
1786 3012 1954 3051 aures
2003 3012 2162 3050 meas
2208 2997 2407 3049 tantus
2446 2996 2508 3049 et
2543 2997 2663 3048 tam
2702 2991 2888 3046 dulcis

346 3080 559 3133 sonus?
620 3078 732 3132 Hic
771 3082 875 3147 est,
912 3079 1108 3148 inquit
1142 3079 1260 3146 ille,
1299 3080 1401 3149 qui
1434 3079 1758 3135 intervallis
1799 3080 2140 3135 coniunctus
2178 3079 2516 3150 imparibus,
2555 3080 2658 3134 sed
2692 3082 2888 3132 tamen

345 3182 448 3235 pro
486 3168 615 3220 rata
648 3169 814 3236 parte
852 3166 1080 3222 ratione
1116 3166 1408 3221 distinctis
1445 3166 1699 3236 impulsu
1738 3168 1799 3221 et
1832 3169 1993 3222 motu
2029 3167 2289 3237 ipsorum
2327 3166 2551 3222 orbium
2587 3164 2891 3221 conficitur

346 3254 406 3306 et
441 3255 613 3306 acuta
649 3269 778 3306 cum
813 3253 1083 3322 gravibus
1121 3257 1453 3324 temperans
1500 3253 1689 3309 varios
1736 3252 2127 3322 aequabiliter
2176 3255 2489 3309 concentus
2529 3251 2731 3307 efficit:
2784 3267 2892 3305 nec

350 3338 505 3393 enim
541 3338 776 3394 silentio
814 3340 966 3394 tanti
1000 3343 1190 3395 motus
1228 3339 1463 3394 incitari
1497 3342 1744 3411 possunt
1781 3343 2077 3412 etnatura
2100 3340 2215 3396 fert
2239 3342 2306 3394 ut
2330 3341 2587 3394 extrema
2612 3355 2681 3393 ex
2706 3337 2894 3392 altera

348 3427 514 3495 parte
552 3425 822 3494 graviter,
861 3444 931 3482 ex
967 3426 1152 3482 altera
1186 3431 1382 3482 autem
1418 3428 1586 3482 acute
1625 3429 1851 3482 sonent.
1926 3425 2107 3492 Quam
2132 3427 2205 3482 ob
2232 3443 2465 3481 causam
2498 3442 2753 3479 summus
2789 3423 2892 3478 ille

343 3510 497 3566 ,caeli
521 3510 766 3566 stellifer
791 3527 1004 3580 cursus,
1039 3511 1200 3566 cuius
1227 3511 1523 3568 conversio
1551 3514 1641 3567 est
1670 3512 2032 3581 concitatior,
2070 3514 2240 3566 acuto
2266 3514 2327 3566 et
2352 3510 2603 3566 excitato
2628 3511 2893 3565 movetur

351 3613 506 3663 sono,
544 3596 884 3666 gravissimo
921 3601 1119 3653 autem
1153 3599 1250 3653 hic
1284 3599 1504 3654 lunaris
1529 3602 1707 3668 atque
1732 3599 1991 3667 infimus;
2029 3617 2164 3654 nam
2199 3601 2355 3654 terra
2389 3615 2543 3653 nona
2578 3595 2891 3652 immobilis

351 3699 589 3738 manens
625 3701 742 3738 una
778 3686 913 3740 sede
950 3701 1178 3756 semper
1212 3687 1418 3741 haeret
1452 3685 1752 3755 complexa
1786 3686 2043 3741 medium
2077 3684 2280 3740 mundi
2310 3685 2516 3740 locum.
2575 3683 2677 3738 Illi
2700 3685 2896 3738 autem

352 3773 482 3825 octo
507 3787 722 3838 cursus,
757 3770 822 3825 in
846 3771 1054 3839 quibus
1083 3774 1285 3828 eadem
1308 3773 1394 3826 vis
1424 3775 1514 3828 est
1539 3774 1796 3840 duorum,
1837 3776 2063 3842 septem
2096 3771 2359 3827 efficiunt
2384 3769 2692 3825 distinctos
2716 3769 2895 3823 inter-

352 3855 518 3910 vallis
557 3873 750 3911 sonos:
789 3857 889 3926 qui
925 3876 1198 3914 numerus
1235 3856 1424 3913 rerum
1461 3858 1716 3914 omnium
1752 3858 1873 3913 fere
1906 3858 2093 3914 nodus
2122 3860 2227 3927 est,
2266 3857 2423 3926 quod
2448 3856 2604 3911 docti
2629 3855 2890 3911 homines

352 3943 544 3996 nervis
580 3943 798 3999 imitati
833 3948 1010 4014 atque
1050 3945 1314 4001 cantibus
1350 3948 1704 4016 aperuerunt
1740 3945 1852 4000 sibi
1889 3945 2142 4000 reditum
2186 3944 2249 3999 in
2290 3944 2444 3997 hunc
2480 3942 2695 4010 locum,
2745 3941 2895 3996 sicut

353 4028 483 4096 alii,
545 4030 645 4098 qui
686 4032 1117 4100 praestantibus
1165 4032 1416 4102 ingeniis
1475 4033 1538 4087 in
1588 4032 1713 4087 vita
1764 4033 2020 4088 humana
2074 4031 2271 4086 divina
2324 4029 2519 4085 studia
2573 4028 2894 4084 coluerunt.

355 4115 436 4169 19.
509 4117 633 4172 Hoc
671 4118 864 4173 sonitu
901 4119 1173 4188 oppletae
1199 4136 1366 4174 aures
1390 4119 1688 4175 hominum
1712 4120 2165 4174 obsurduerunt:
2205 4134 2312 4172 nec
2338 4119 2428 4170 est
2451 4115 2605 4169 ullus
2628 4112 2899 4169 hebetior

356 4219 559 4258 sensus
582 4203 646 4258 in
669 4204 852 4273 vobis,
878 4205 1045 4274 sicut,
1072 4205 1174 4261 ubi
1198 4206 1361 4260 Nilus
1388 4207 1462 4260 ad
1485 4205 1601 4273 illa,
1628 4222 1775 4275 quae
1804 4205 2107 4274 Catadupa
2131 4203 2518 4268 nominantur,
2546 4199 2903 4271 praecipitat

357 4305 427 4344 ex
452 4289 754 4344 altissimis
778 4291 1090 4360 montibus,
1130 4309 1198 4346 ea
1222 4309 1380 4362 gens,
1420 4309 1566 4360 quae
1603 4291 1770 4346 illum
1803 4292 1991 4346 locum
2017 4290 2244 4356 accolit,
2281 4291 2522 4360 propter
2544 4286 2897 4357 magnitudi-

357 4393 491 4432 nem
528 4377 750 4433 sonitus
789 4396 962 4434 sensu
998 4375 1275 4435 audiendi
1313 4381 1484 4434 caret.
1548 4378 1659 4432 Hic
1693 4396 1830 4434 vero
1868 4380 2065 4433 tantus
2105 4379 2197 4432 est
2230 4375 2411 4430 totius
2448 4373 2649 4428 mundi
2683 4373 2899 4428 incita-

355 4462 584 4518 tissima
623 4465 996 4521 conversione
1034 4465 1275 4533 sonitus,
1314 4469 1381 4520 ut
1417 4483 1548 4520 eum
1573 4482 1738 4520 aures
1764 4464 2065 4519 hominum
2092 4479 2297 4533 capere
2322 4479 2439 4517 non
2464 4461 2706 4530 possint,
2744 4459 2902 4513 sicut

356 4551 574 4605 intueri
613 4552 794 4608 solem
828 4552 1133 4608 adversum
1167 4552 1421 4621 nequitis
1460 4552 1698 4620 eiusque
1736 4552 1914 4607 radiis
1952 4550 2106 4606 acies
2141 4552 2338 4606 vestra
2373 4563 2690 4615 sensusque
2716 4544 2898 4601 vinci-

359 4644 468 4696 tur.
541 4641 699 4696 Haec
738 4657 845 4712 ego
882 4638 1170 4695 admirans
1208 4639 1528 4694 referebam
1564 4641 1760 4694 tamen
1799 4637 1993 4693 oculos
2032 4639 2105 4692 ad
2140 4638 2355 4691 terram
2389 4632 2750 4689 idemtidem.

538 4731 555 4766 1
591 4727 653 4781 in
687 4727 837 4782 hanc
874 4731 1073 4782 tamen
1109 4726 1478 4782 sententiam.
