3592 5509
1280 423 1721 488 ..5--

191 597 569 678 reddemus,
605 618 798 681 quam
820 617 952 661 non
974 594 1228 662 modico
1252 595 1476 660 labore
1501 616 1693 660 nemo
1722 616 1843 660 nos
1876 593 2081 660 arbit-

194 711 392 771 retur
446 704 792 787 invenisse,
856 703 1092 789 quippe
1149 705 1260 788 qui
1319 703 1500 769 illam
1563 701 1783 767 multis
1838 702 2083 789 vigiliis

193 813 618 898 antiquorum
669 817 1018 896 praecepta
1066 811 1437 878 lectitantes
1496 816 1562 877 et
1603 811 2082 878 neotericorum

195 919 494 985 vitantes
543 940 827 984 errorem
873 941 1020 984 cum
1066 920 1299 985 sudore
1330 919 1750 1004 repperimus,
1823 919 1909 985 Et
1940 943 2084 986 eam

198 1027 488 1110 quilibet
532 1027 642 1112 vig
681 1026 833 1091 dum
867 1028 1065 1092 etiam
1097 1026 1510 1092 mediocriter
1557 1027 1845 1093 eruditus
1890 1027 2082 1094 facile

201 1133 584 1220 intelligere
630 1133 890 1218 poterit.

389 1241 694 1307 Sumatur
749 1241 972 1327 itaque
1031 1242 1312 1309 cuiusvis
1366 1231 1793 1329 longitudinis
1849 1265 2083 1309 nervus

207 1350 352 1415 sive
385 1349 645 1432 chorda,
680 1372 844 1434 quae
877 1371 1070 1434 super
1086 1332 1349 1436 'lignum
1380 1350 1624 1436 aliquid
1653 1351 1903 1416 habens
1934 1374 2087 1418 con-

104 1463 106 1544 [
204 1457 512 1523 cavitatis
575 1457 987 1538 extendatur3
1054 1458 1236 1524 locus
1294 1463 1509 1523 autem
1572 1462 1921 1544 extremuS,
1981 1461 2085 1526 cui

207 1586 451 1631 nervus
497 1563 819 1650 alligatur,
866 1571 1108 1650 puncto
1147 1587 1190 1630 a
1233 1567 1542 1652 signetur.
1619 1566 1806 1631 Alius
1834 1566 2015 1632 locus
2049 1589 2083 1632 e

204 1673 480 1758 regione
538 1672 764 1756 procul
829 1674 1106 1758 positus,
1183 1696 1310 1759 quo
1375 1695 1610 1739 nervus
1670 1673 1953 1740 trahitur
2020 1678 2085 1740 et

104 1791 106 1798 '
201 1782 570 1864 torquetur,
604 1785 843 1863 puncto
874 1803 915 1864 q
944 1781 1249 1865 signetur.
1323 1780 1665 1859 Quantitas
1705 1785 1922 1846 autem
1952 1804 1993 1865 q
2020 1803 2081 1864 a,

104 1979 105 1982 Ἴ
204 1889 383 1953 idest
425 1887 628 1953 totius
668 1886 946 1954 chordae
976 1887 1334 1975 longitudo,
1380 1888 1452 1953 in
1482 1889 1640 1954 duas
1670 1893 1890 1973 partes
1922 1889 2085 1954 divi-

104 2009 106 2016 *
207 1997 403 2062 datur
425 1995 726 2080 aequales
753 2000 820 2061 et
843 2018 1087 2081 aequae
1122 1997 1470 2063 distantiae
1492 2001 1770 2082 punctus
1800 1996 2084 2062 mittem

203 2107 490 2169 notetur.
593 2102 973 2170 Dividemus
1027 2104 1266 2169 iterum
1318 2127 1436 2190 per
1487 2105 1772 2170 medium
1828 2104 2083 2190 quanti-

104 2207 106 2234 *
204 2217 416 2276 tatem
462 2209 740 2276 chordae
798 2213 841 2276 h
885 2234 927 2276 a
973 2216 1040 2277 et
1081 2213 1151 2277 in
1201 2213 1418 2277 medio
1463 2211 1797 2278 divisionis
1844 2214 1890 2276 d
1930 2233 2083 2278 con-

103 2323 106 2344 ¹
206 2319 572 2384 stituemuS.
667 2318 1011 2396 Quantitas
1056 2322 1099 2384 h
1142 2322 1188 2384 d
1225 2321 1464 2387 iterato
1511 2321 1839 2386 secabitur
1894 2324 1959 2385 et
2013 2322 2082 2385 in

206 2427 519 2491 sectionis
566 2426 783 2492 medio
826 2429 870 2512 f
918 2427 1360 2495 collocabitur.
1453 2429 1636 2493 Idem
1694 2451 1947 2513 quoque
2003 2428 2081 2493 de

104 2523 107 2562 ²
207 2534 340 2599 alia
379 2532 657 2599 chordae
697 2533 1046 2601 medietate
1088 2536 1456 2601 faciendum
1493 2535 1790 2622 intellige
1833 2535 2083 2601 scilicet

205 2644 248 2707 h
288 2665 355 2725 q,
426 2641 729 2726 quoniam
790 2643 858 2706 in
917 2645 1126 2726 prima
1184 2643 1502 2708 divisione
1559 2643 1705 2708 loco
1769 2643 1985 2708 medio
2028 2664 2081 2727 p

206 2748 623 2835 figurabitur3
674 2753 738 2814 et
775 2750 844 2814 in
877 2750 1190 2816 divisione
1236 2752 1279 2815 h
1302 2773 1350 2836 p
1390 2750 1751 2835 aequaliter
1789 2751 1870 2834 ab
1905 2755 2081 2816 utra-

106 2853 108 2860 ’
212 2878 336 2941 que
369 2857 615 2921 distans
644 2863 928 2941 ponatur
961 2857 1185 2922 littera
1226 2859 1249 2922 l
1293 2864 1359 2923 et
1386 2857 1560 2923 inter
1588 2861 1612 2922 l
1657 2863 1722 2923 et
1746 2879 1793 2942 p
1824 2861 2079 2925 servata

212 2965 436 3029 eadem
465 2964 958 3030 intervallorum
987 2965 1216 3051 regula
1251 2986 1302 3029 n
1337 2965 1744 3031 immittatur.
1834 2964 2079 3044 Quodsi

105 3069 108 3110 ⁵
208 3073 252 3156 f
270 3093 320 3135 n
348 3092 467 3156 per
497 3071 782 3137 medium
813 3073 1239 3155 diviserimus,
1283 3073 1570 3139 litteram
1601 3075 1630 3137 i
1657 3073 2076 3159 signabimus.

105 3179 110 3210 ¹
211 3179 335 3242 Per
390 3177 557 3244 hanc
615 3184 834 3244 autem
873 3181 1171 3245 -mediam
1226 3181 1609 3247 divisionem
1667 3180 1941 3246 ulterius
1999 3182 2080 3246 ad

211 3291 428 3370 partes
475 3287 874 3370 minutiore8‚
924 3310 1257 3374 quousque
1305 3289 1466 3353 alias
1512 3289 1863 3355 divisiones
1908 3288 2081 3354 fece-

105 3399 110 3439 f
213 3394 428 3476 rimus,
477 3415 610 3459 non
655 3394 1089 3460 deveniemus,
1183 3395 1313 3462 Sed
1356 3400 1567 3461 totum
1619 3417 1662 3460 a
1705 3418 1743 3480 q
1785 3419 1905 3480 per
1955 3396 2083 3461 tria

219 3502 574 3566 dividemus
608 3507 674 3566 et
704 3525 743 3566 a
770 3502 990 3568 littera
1020 3526 1059 3586 q
1086 3507 1535 3569 mensurantes
1568 3504 1638 3568 in
1668 3503 1793 3569 fine
1826 3503 2081 3569 trientis

215 3613 490 3693 ponetur
539 3630 610 3673 m
665 3614 730 3674 et
779 3610 850 3674 in
903 3611 1092 3676 besse
1148 3633 1195 3676 e.
1305 3610 1558 3677 Deinde
1612 3633 1644 3676 e
1696 3634 1736 3696 q
1786 3635 1905 3696 per
1956 3613 2083 3677 tria

216 3719 450 3781 iterum
495 3716 819 3783 dividatur
865 3723 930 3782 et
975 3742 1014 3783 a
1057 3719 1276 3785 littera
1319 3741 1360 3802 q
1403 3741 1626 3784 versus
1671 3741 1703 3784 e
1746 3721 2081 3785 venientes

215 3825 284 3888 in
334 3825 524 3890 besse
568 3824 826 3910 signum
883 3817 917 3906 h}
965 3826 1277 3910 quadrum
1333 3826 1692 3913 configetur
1739 3832 1881 3909 (pag.
1917 3832 1967 3910 5)
2016 3832 2083 3892 et

222 3931 581 4016 quantitate
624 3929 658 4014 h,
696 3931 922 4017 quadri
970 3938 1035 3998 et
1064 3955 1104 4017 q
1144 3934 1467 4019 duplicata
1497 3936 1790 4022 signetur
1819 3937 1873 4000 b.
1952 3934 2081 4000 Sed

219 4040 449 4104 iterum
501 4061 570 4104 ‘m
623 4042 666 4105 h
723 4063 842 4124 per
902 4042 1188 4106 medium
1249 4043 1610 4108 secabimus
1673 4049 1739 4109 et
1797 4043 2081 4109 medium

108 4153 110 4158 '
221 4146 519 4212 sectionis
573 4153 882 4231 punctum
934 4150 974 4212 Ic
1025 4147 1244 4213 littera
1290 4149 1740 4216 colorabimus.
1835 4151 2082 4229 Quodsi

107 4281 111 4320 t
222 4254 645 4338 quantitatem
681 4258 722 4319 k
763 4277 803 4339 q
834 4254 1251 4340 duplicemus,
1298 4257 1368 4321 in
1405 4255 1532 4323 fine
1565 4258 2019 4342 duplicationis
2050 4279 2083 4322 c

217 4352 554 4445 'ponemus;
624 4364 740 4428 sed
789 4364 964 4428 inter
1014 4385 1045 4428 e
1113 4367 1180 4429 et
1231 4367 1264 4441 ’.ἵ
1324 4365 1634 4449 quadrum
1703 4365 2081 4450 aequalibus

108 4503 110 4538 ;
226 4468 540 4554 utrimque
586 4471 812 4556 spatiis
853 4492 896 4555 9
940 4471 1232 4537 situetur.
1314 4472 1385 4537 Si
1431 4479 1647 4538 autem
1686 4496 1728 4558 9
1758 4496 1796 4557 q
1838 4473 1909 4538 in
1954 4474 2081 4538 duo

223 4577 509 4661 aequalia
530 4579 904 4662 partiamur,
938 4600 974 4644 o
996 4579 1216 4645 littera
1240 4581 1606 4667 signabitur
1629 4583 1848 4667 sicque
1871 4585 2082 4646 totum

221 4684 719 4751 monochordum
746 4686 1044 4776 legitima
1073 4688 1422 4772 partitione
1453 4689 1728 4754 divisum
1761 4694 1878 4773 est,
1912 4693 1985 4753 ut
2012 4689 2081 4752 in

225 4793 504 4858 subiecta
546 4793 754 4880 figura
798 4799 1135 4882 cognoscis
1188 4797 1414 4884 [figura
1447 4798 1532 4882 1].

2328 420 2541 490 Figura
2568 421 2616 473 1.

2530 559 2565 612 ,ἢ

2290 857 2344 1110 “esnone
2291 609 2346 823 upxoqo

2376 1316 2433 1438 eAgs
2377 1078 2416 1288 sunau
2363 740 2431 1045 anenbxoq
2378 606 2434 705 03¹1

2496 1666 2599 2062 §³0⁵3

2532 2731 2571 2784 δέ
2530 2489 2565 2654 6033-
2534 2376 2568 2430 δι
2535 2193 2557 2246 Ν

2535 4955 2693 4992 a—

2184 5007 2461 5076 Ligatura
2487 5007 2735 5062 chordae
