3592 5509
1704 403 2139 468 ..90-

648 580 897 645 fectam-
950 601 1092 642 eam
1154 577 1435 662 speciem
1491 576 1660 642 male
1715 575 2168 660 praevidentes
2228 575 2608 657 diiudicant,
2677 574 2772 638 sic
2826 575 3024 638 etiam
3076 597 3195 659 per

651 708 998 769 excessum,
1047 686 1177 769 qui,
1225 707 1372 750 cum
1398 706 1529 749 uno
1560 685 1768 768 possit
1799 683 2092 769 dignosci
2131 682 2442 766 perfecta,
2490 683 2665 746 aliud
2709 683 3192 768 subiungunt*;

646 799 738 878 ut,
794 797 851 859 si
901 794 973 857 in
1024 798 1219 858 cantu
1273 813 1477 876 pausa
1530 793 1767 878 longae
1813 793 1940 856 tria
1987 795 2260 876 occupet
2313 793 2551 875 spatia,
2625 795 2840 855 errant
2901 791 3012 874 qui
3068 789 3193 856 hoc

648 902 905 987 signum
941 917 997 972 O
1027 899 1073 968 2
1119 901 1496 986 adiungunt,
1546 901 1639 964 sic
1672 904 1753 982 et,
1788 899 1845 964 si
1873 921 2114 984 pausae
2155 899 2348 964 binae
2368 903 2390 944 ¹
2433 898 2813 964 semibrevis
2843 896 2969 962 hoc
2997 899 3192 964 modo

646 1029 834 1084 E
876 1008 1302 1092 reperiantur,
1348 1007 1669 1092 superflue
1699 1008 1964 1092 ponitur
1992 1008 2168 1072 istud
2220 1022 2308 1090 O,
2355 1008 2459 1071 vel
2491 1006 2614 1072 hoc
2649 1022 2734 1088 Ε),
2785 1007 2842 1070 si
2885 1006 3191 1070 minimae

647 1142 885 1204 pausae
918 1119 1010 1196 sic
1051 1121 1473 1204 disponantur
1515 1166 1743 1203 „LL-,
1790 1119 2071 1183 maxime
2119 1119 2175 1182 si
2218 1123 2562 1204 utrumque
2607 1119 2987 1203 reperiatur,
3035 1141 3193 1202 quo-

646 1232 824 1296 niam
871 1231 1061 1296 aliter
1103 1235 1327 1314 posset
1372 1232 1515 1314 quis
1561 1231 1773 1296 dicere
1823 1232 1903 1295 ad
1946 1232 2016 1296 id
2061 1232 2232 1315 quod
2279 1229 2486 1295 defuit
2530 1231 2967 1297 denotandum
3018 1230 3194 1314 posi-

646 1344 785 1404 tum
829 1339 1142 1404 fuisse**.
1234 1340 1410 1404 Haec
1458 1339 1535 1403 de
1580 1338 1806 1424 figuris
1851 1338 2184 1404 hactenus.

1431 1641 1920 1723 capitulum
1983 1645 2412 1723 quartum.

700 1831 792 1901 In
848 1854 995 1922 quo
1054 1851 1379 1901 canones
1436 1837 1513 1900 et
1565 1828 2160 1921 subscriptiones
2216 1828 2587 1900 subtiliter
2642 1827 3134 1899 declarantur.

648 2013 1001 2146 ΤΑΟΙΤΕ
1045 2013 1693 2097 praetermittendum
1741 2033 1881 2076 esse
1927 2034 2059 2077 non
2107 2012 2403 2094 arbitror,
2461 2012 2517 2075 si
2563 2011 2705 2096 quis
2753 2015 2975 2076 auctor
3032 2010 3192 2075 velit

771 2121 890 2184 sub
938 2124 1159 2203 cantu,
1217 2142 1334 2205 per
1380 2122 1551 2204 quod
1593 2120 1952 2204 perfectum
2001 2125 2112 2184 aut
2154 2120 2608 2204 imperfectum
2654 2119 2759 2184 vel
2805 2120 3192 2184 diminutum

646 2225 853 2308 possit
898 2225 1038 2289 sine
1085 2224 1300 2308 aliquo
1348 2224 1534 2309 signo
1584 2224 1896 2309 dignosci,
1957 2224 2202 2308 aliquid
2247 2224 2653 2288 subscribere
2701 2223 2804 2288 vel
2862 2224 3076 2306 etiam,
3137 2225 3192 2287 si

649 2333 838 2397 aliter
884 2331 1212 2417 signatum
1254 2331 1453 2396 fuerit
1494 2354 1613 2416 per
1658 2354 1972 2397 canonem
2019 2338 2132 2396 aut
2176 2333 2738 2417 subscriptionem,
2798 2333 3192 2398 contrarium

649 2442 951 2506 ediscere.
1044 2439 1301 2504 Dicitur
1347 2441 1519 2504 enim
1564 2440 1972 2524 subscriptiO,
2034 2441 2184 2524 quia
2229 2462 2486 2524 semper
2531 2440 2650 2505 sub
2695 2445 2921 2505 tenore
2968 2441 3195 2504 scribi-

648 2552 773 2631 tur,
820 2570 1027 2612 canon
1058 2570 1230 2629 vero,
1282 2547 1432 2630 quia
1478 2551 1576 2610 est
1624 2548 1939 2630 quaedam
1983 2549 2210 2633 regula
2257 2549 2399 2632 (pag.
2437 2552 2520 2630 73)
2567 2548 2968 2612 voluntatem
3016 2569 3190 2612 com-

647 2657 949 2740 ponentis
981 2657 1100 2719 sub
1136 2655 1410 2738 quadam
1443 2655 1868 2740 ambiguitate
1917 2656 2189 2720 obscure
2239 2660 2303 2720 et
2345 2655 2415 2719 in
2462 2656 2786 2742 enigmate
2832 2656 3187 2738 insinuans,

647 2767 720 2826 ut
764 2763 832 2828 in
878 2763 1077 2827 missa
1123 2763 1205 2827 Se
1248 2765 1312 2827 la
1353 2764 1495 2847 face
1540 2784 1626 2846 ay
1659 2765 1829 2847 pale,
1885 2762 1998 2828 ubi
2042 2763 2306 2846 ponitur
2361 2763 2600 2828 Crescit
2649 2765 2726 2827 in
2783 2764 2970 2847 triplo
3015 2769 3078 2827 et
3117 2765 3192 2826 in

646 2872 837 2955 duplo
881 2876 943 2934 et
982 2876 1063 2935 ut
1100 2871 1317 2934 iacet2.
1398 2868 1797 2955 Quandoque
1843 2872 2038 2934 etiam
2085 2892 2292 2935 canon
2338 2871 2528 2935 docet
2573 2875 2833 2935 cantare
2879 2893 2995 2954 per
3042 2893 3193 2936 con-

646 2980 945 3058 trarium3
1004 2979 1391 3062 incipientes
1438 3001 1476 3041 a
1520 2978 1646 3042 fine
1703 2978 1774 3041 in
1827 2979 2145 3063 principio
2198 2978 2449 3061 finiunt,
2504 2983 2577 3042 ut
2630 2978 2787 3043 fecit
2831 2979 3190 3044 Busnois:

658 3086 876 3178 Ubi,a
920 3087 1013 3150 ibi
1058 3091 1171 3149 w3'
1195 3091 1257 3150 et
1295 3086 1410 3150 ubi
1453 3111 1505 3150 ω
1566 3088 1728 3170 finis
1781 3092 1925 3150 est0.
2016 3086 2278 3151 Etenim
2335 3109 2453 3151 nos
2508 3086 2718 3150 simile
2773 3086 3191 3151 clandestinis

646 3190 860 3253 verbis
904 3191 972 3253 in
1021 3190 1298 3273 quodam
1343 3190 1625 3254 carmine
1671 3191 2003 3274 posuimus
2052 3190 2364 3256 dicentes:
2423 3191 2510 3253 In
2553 3211 2695 3254 voce
2737 3211 2898 3273 quae
2953 3191 3194 3276 dicitur

646 3304 887 3379 contra,
945 3303 1169 3362 contra
1210 3299 1303 3362 sic
1346 3300 1626 3363 canitur.
1720 3297 1983 3363 Canone
2029 3302 2318 3362 mutatur
2374 3299 2570 3362 etiam
2626 3298 2827 3380 locus,
2883 3301 2956 3361 ut
2999 3300 3191 3362 Bus-

646 3406 839 3469 nois:
896 3405 995 3468 Ne
1038 3407 1274 3469 sonites
1317 3406 1662 3489 cacefaton,
1718 3411 1936 3470 sume4
1981 3407 2265 3470 lichanos
2325 3407 2625 3490 hypaton.
2717 3404 2962 3469 Notula
3018 3405 3190 3482 enim

645 3514 854 3596 prima
911 3517 1009 3576 est
1061 3513 1128 3577 in
1178 3535 1237 3596 9,
1309 3535 1471 3596 quae
1528 3512 1822 3577 lichanos
1879 3518 1977 3578 est
2032 3536 2285 3596 meson,
2350 3518 2414 3578 et
2469 3518 2690 3578 tamen
2747 3535 2955 3580 canon
3005 3512 3192 3597 ponit

645 3620 825 3684 illam
870 3621 940 3684 in
984 3622 1042 3702 d,
1095 3622 1203 3704 qui
1247 3620 1427 3685 locus
1476 3625 1575 3684 est
1618 3620 1909 3686 lichanos
1954 3621 2260 3706 hypaton.

816 3727 1105 3792 Mutatur
1151 3729 1345 3791 etiam
1393 3751 1635 3792 canone
1682 3729 1910 3793 modus
1956 3730 2365 3812 procedendi,
2427 3733 2500 3792 ut
2544 3733 2817 3812 tantum,
2881 3733 3191 3812 quantum

825 3912 840 3945 ¹
877 3924 1089 3976 pausas
1125 3907 1309 3962 binas.

818 3995 841 4032 2
876 3994 1007 4064 Vgl.
1044 3993 1561 4062 Adler-Koller,
1605 3995 1763 4048 Seehs
1805 3995 2045 4048 Trienter
2089 3995 2302 4049 Codices
2347 3994 2536 4062 (Wien
2572 3993 2741 4061 1900),
2782 3993 2834 4048 S.
2862 3984 3016 4048 278.'

822 4081 847 4118 3
881 4097 929 4134 o.
1349 4083 1372 4118 ⁴
1408 4098 1644 4136 summe.

819 4168 849 4200 *
888 4167 999 4221 Hic
1037 4169 1193 4221 recte
1226 4167 1405 4222 sentit
1434 4170 1493 4221 et
1518 4167 1712 4222 sanius
1740 4185 1914 4235 quam
1939 4185 2127 4238 supra,
2155 4167 2256 4222 ubi
2282 4170 2398 4222 tres
2425 4155 2600 4222 trium
2626 4172 2953 4237 temporum
2976 4185 3189 4237 pausas

643 4252 813 4322 ponit
838 4269 942 4322 pro
970 4252 1138 4322 signo
1164 4253 1321 4308 modi
1345 4253 1583 4307 minoris
1608 4253 1871 4323 perfecti.
1935 4253 2091 4320 (Hier
2115 4254 2223 4307 irrt
2261 4253 2610 4322 Gafurius‚
2648 4254 2756 4309 wie
2796 4272 2898 4308 aus
2939 4253 2991 4308 S.
3016 4253 3086 4308 86
3122 4272 3191 4308 zu

648 4339 891 4393 ersehen
926 4339 1038 4404 ist.)

819 4426 883 4459 **
918 4424 1184 4480 Pluribus
1223 4428 1419 4480 tamen
1456 4425 1763 4480 cantilenis
1802 4426 2089 4494 rumpitur
2128 4426 2391 4496 [regula];
2440 4427 2686 4482 circulus
2735 4430 2792 4481 et
2827 4426 3004 4481 etiam
3041 4426 3191 4480 duae

643 4511 806 4580 ipsae
846 4511 1252 4566 semibrevium
1286 4529 1503 4581 pausae
1540 4530 1644 4582 pro
1683 4512 1849 4582 signo
1887 4512 2164 4582 temporis
2201 4513 2451 4582 perfecti
2489 4517 2549 4568 et
2594 4513 3022 4568 rationabiliter
3063 4511 3192 4567 fieri

642 4600 891 4667 possunt
916 4597 1112 4665 sicque
1140 4597 1317 4653 etiam
1344 4597 1489 4652 duae
1514 4615 1730 4668 pausae
1756 4598 2123 4653 minimarum
2163 4599 2469 4668 contiguae
2499 4602 2559 4654 et
2588 4602 2838 4669 punctus
2875 4599 2937 4653 in
2975 4597 3190 4653 circulo

643 4684 735 4738 vel
774 4683 1136 4738 semicirculo
1173 4685 1469 4753 ponuntur
1506 4683 1677 4738 simul
1713 4683 1774 4738 in
1811 4685 2137 4754 prolatione
2176 4685 2434 4755 perfecta
2473 4685 2772 4755 disposita.
