3592 5509
1854 390 2242 455 -4—

779 568 878 629 est
931 562 1001 627 in
1054 560 1223 628 libro
1278 562 1353 627 de
1395 562 1688 626 animast
1736 583 1864 627 vox
1921 566 2020 627 est
2062 582 2258 627 sonus
2318 560 2588 626 animati
2642 566 2915 627 tantum.
3008 561 3141 627 Sed
3192 582 3321 627 vox

777 671 975 737 etiam
1048 670 1552 735 inanimatorum
1621 673 1745 752 est,
1824 672 1899 733 ut
1962 670 2543 734 instrumentorum
2608 667 3027 753 musicorum,
3106 669 3319 735 solum

776 778 1128 845 secundm
1183 776 1701 859 similitudinem,
1777 777 1929 861 quia
1992 776 2267 844 discrete
2332 782 2583 842 sonant.
2690 776 2903 843 Sonus
2968 798 3122 843 vero
3182 798 3319 843 non

776 884 1159 970 simpliciter
1224 885 1340 952 sed
1403 907 1522 969 pro
1591 906 1752 950 sono
1820 884 2092 949 duarum
2160 888 2276 949 aut
2333 884 2617 969 plurium
2672 884 3057 950 chordarum
3124 886 3319 951 simul

774 1014 1221 1078 percussarum
1268 997 1381 1059 aut
1433 992 1768 1058 hominum
1829 992 2101 1058 duorum
2157 992 2519 1076 pluriumve
2575 992 2769 1057 simul
2820 993 3191 1059 canentium
3247 994 3319 1057 in

781 1101 1294 1186 praesentiarum
1341 1101 1673 1185 accipitur.

947 1210 1271 1274 Numerus
1329 1231 1484 1273 vero
1539 1208 1842 1273 similiter
1895 1230 2027 1274 non
2086 1208 2377 1293 simplex,
2435 1210 2551 1274 sed
2602 1230 2751 1274 cum
2791 1208 3175 1275 habitudine
3232 1210 3316 1274 ad

772 1316 1110 1402 passiones
1190 1315 1648 1383 consideratur.
1763 1316 1983 1381 Prima
2056 1320 2274 1381 autem
2349 1317 2782 1383 consideratio
2858 1339 2897 1382 a
2967 1315 3315 1382 neotericis

775 1429 1000 1491 cantus
1056 1424 1302 1508 firmuS,
1371 1447 1410 1489 a
1469 1424 1853 1509 quibusdam
1909 1446 2063 1489 vero
2128 1430 2352 1488 cantus
2414 1424 2647 1508 planus
2712 1426 2971 1507 dicitur,
3032 1426 3317 1491 secunda

774 1536 1294 1617 contrapunctus,
1347 1554 1539 1618 quam
1586 1532 1668 1597 ab
1716 1532 1998 1616 antiquis
2046 1532 2600 1618 organizationem
2631 1522 2869 1598 dictam
2912 1532 3114 1598 fuisse
3161 1554 3315 1598 con-

773 1645 930 1722 stat3
1001 1646 1068 1706 at
1131 1641 1329 1707 tertia
1386 1645 1615 1705 cautus
1674 1640 2013 1725 figuratus,
2088 1662 2252 1724 quae
2321 1662 2359 1704 a
2417 1640 2743 1725 plerisque
2799 1642 3027 1727 organi
3087 1644 3316 1706 cantus

775 1749 1157 1834 appeUatur.
1251 1748 1617 1814 Secundum
1663 1747 1832 1813 hanc
1875 1748 2077 1833 igitur
2131 1748 2453 1831 triplicem
2498 1749 3082 1815 considerationem
3138 1769 3317 1814 com-

772 1858 1080 1942 pendium
1124 1856 1251 1922 hoc
1293 1860 1586 1921 nostrum
1633 1855 2008 1919 dividemus.

945 1964 1024 2029 In
1068 1965 1277 2047 prima
1337 1964 1853 2029 consideratione
1908 1963 2033 2027 tria
2092 1964 2437 2048 praecipue
2497 1965 3002 2048 procurabimus.
3094 1963 3316 2028 Primo

772 2072 1202 2137 instrumento
1261 2092 1380 2155 per
1424 2076 1628 2137 artem
1677 2072 2038 2154 composito
2093 2076 2305 2136 rectas
2361 2072 2496 2136 eius
2544 2072 2891 2138 divisiones
2947 2071 3317 2137 erudiendis

774 2180 856 2244 ad
901 2202 1160 2244 sensum
1205 2179 1710 2244 monstrabimus
1772 2183 1839 2243 et
1894 2178 2278 2244 chordarum
2348 2180 2702 2245 secundum
2762 2180 3113 2245 divisiones
3166 2201 3317 2263 per-

776 2309 1106 2353 cussarum
1151 2286 1454 2370 sonitum,
1513 2292 1586 2351 ut
1628 2288 1981 2352 memoriae
2027 2288 2355 2369 mandent,
2414 2288 2920 2354 admonebimus,
3014 2288 3315 2353 Secundo

779 2417 1093 2481 organum
1151 2394 1447 2460 naturale
1501 2416 1618 2479 per
1665 2395 1858 2459 arsim
1918 2399 1984 2459 et
2027 2394 2304 2460 thesim2
2364 2396 2535 2461 idest
2586 2418 2703 2481 per
2760 2395 3188 2462 elevationem
3248 2399 3319 2461 et

774 2504 1247 2587 depositionem
1309 2502 1446 2567 sive
1517 2525 1634 2585 per
1708 2504 2141 2568 intensionem
2212 2508 2277 2568 et
2343 2505 2726 2589 remis-(pag.
2774 2507 2826 2587 4)
2840 2504 3090 2569 sionem
3166 2526 3313 2567 cum

773 2613 931 2675 artis
1005 2612 1435 2674 instrumento
1512 2609 1889 2693 copulantes
1962 2610 2240 2693 psallere
2310 2612 2716 2677 concorditer
2790 2611 3308 2692 assuefaciemuS,

773 2709 1104 2802 quousque
1160 2718 1297 2783 sine
1362 2740 1437 2783 eo
1491 2718 1784 2803 legitime
1845 2717 2123 2801 psallere
2193 2718 2551 2785 didicerint,
2652 2719 2875 2784 Tertio
2934 2741 3088 2784 vero
3155 2719 3311 2784 odas

769 2825 874 2889 vel
918 2824 1204 2909 notulas,
1260 2847 1377 2909 per
1435 2846 1592 2910 quas
1649 2824 1859 2889 omnis
1913 2829 2139 2891 cantus
2203 2826 2523 2912 dignosci,
2582 2828 2829 2892 cantari
2882 2828 3309 2911 componique

773 2933 999 3017 possit,
1045 2934 1114 3015 in
1158 2932 1353 3017 plano
1402 2933 1902 3019 designabimus.

947 3028 1188 3106 Verum
1257 3040 1407 3126 quia
1470 3042 2047 3106 instrumentorum
2117 3047 2253 3107 arte
2323 3044 2758 3108 constantium
2833 3042 3087 3107 diversa
3160 3047 3312 3107 sunt

773 3170 1034 3235 genera,
1080 3172 1165 3213 ne
1209 3148 1522 3213 varietate
1571 3148 1911 3233 disciplina
1962 3147 2077 3214 fiat
2130 3150 2487 3233 obscurior,
2544 3173 2741 3215 unam
2786 3149 3093 3216 chordam
3150 3150 3315 3214 divi-

772 3258 965 3322 dendi
1027 3257 1288 3323 modum
1354 3262 1418 3321 et
1480 3256 1770 3342 regulam
1839 3257 2161 3339 dabimus,
2231 3259 2401 3324 unde
2467 3258 2891 3324 monochordi
2947 3281 2986 3324 a
3044 3258 3311 3324 Graecis

771 3387 1008 3430 nomen
1053 3368 1453 3449 assumptum
1502 3368 1615 3429 est.
1703 3366 1941 3431 Postea
1986 3388 2138 3431 vero
2184 3389 2301 3450 per
2346 3367 2475 3432 alia
2519 3371 2927 3432 transeuntes
2973 3367 3055 3431 ad
3097 3367 3312 3433 inten-

770 3478 911 3537 tum
953 3472 1148 3537 finem
1194 3473 1622 3538 deveniemus.

1520 3794 2009 3877 capitulum
2064 3796 2559 3866 secundum.

1012 3961 1518 4034 Monochordi
1574 3962 2044 4037 elementaris
2102 3966 2365 4037 divisio
2422 3991 2553 4039 seu
2607 3966 3069 4061 compositio.

769 4126 1278 4261 REGULARE
1309 4128 1818 4195 monochordum
1848 4133 2133 4197 numeris
2168 4137 2233 4197 et
2261 4154 2563 4197 mensura
2604 4133 2932 4199 subtiliter
2962 4156 3001 4197 a
3028 4133 3309 4197 Boetio

915 4235 1238 4301 dividitur.
1333 4235 1464 4301 Sed
1507 4237 1685 4316 illud,
1736 4237 1904 4304 sicut
1947 4238 2255 4305 theoricis
2299 4241 2460 4305 utile
2516 4242 2989 4326 iocundumque
3038 4246 3154 4324 est,
3214 4240 3312 4305 ita

769 4343 1144 4408 cantoribus
1188 4343 1588 4409 laboriosum
1631 4345 2096 4432 intellectuque
2142 4348 2424 4414 difficile.
2517 4349 2756 4414 Verum
2814 4350 2964 4433 quia
3016 4349 3309 4433 utrisque

765 4450 1137 4515 satisfacere
1163 4451 1440 4535 polliciti
1464 4474 1702 4531 sumuS,
1732 4453 2112 4520 facillimam
2135 4455 2452 4542 regularis
2475 4457 2896 4523 monochordi
2921 4456 3307 4522 divisionem

935 4695 963 4816 2¹
1000 4692 1176 4791 coel-o.
1250 4693 1372 4759 [Die
1414 4693 1597 4749 Stelle
1635 4695 1818 4750 findet
1854 4695 1976 4751 sich
2015 4697 2092 4751 De
2116 4699 2315 4752 anima
2352 4700 2419 4765 II,
2459 4715 2503 4752 c.
2532 4698 2579 4752 8.
2618 4699 2735 4765 419,
2762 4700 2814 4766 b,
2852 4698 2976 4765 4ff.]

994 4796 1212 4834 sersim.
