3592 5509
1418 431 1850 495 ...85-

364 603 751 687 Appellatur
798 608 862 668 et
905 624 1109 688 pausa
1152 603 1497 689 generalis,
1548 605 1803 688 quando
1836 604 2231 691 generaliter
2260 627 2483 671 omnes
2517 605 2914 670 adveniente

361 711 458 775 ita
482 712 698 776 'cantu
730 715 870 776 'non
916 711 1263 776 terminato
1312 711 1665 795 quiescunt.
1758 712 2145 796 Appellatur
2189 735 2444 798 quoque
2475 711 2708 796 finalis,
2741 727 2902 796 quo-·

361 820 539 883 niam
584 841 841 904 semper
884 819 953 883 in
996 819 1123 884 fin'e
1156 823 1383 884 cantus
1413 820 1692 903 ponitur.
1772 819 1962 896 Quod
1991 821 2047 885 si
2077 833 2282 906 pausa
2310 821 2525 887 brevis
2557 821 2898 904 dividatur,

324 928 709 1022 ‘medietas,
766 929 929 1012 quae
990 931 1028 992 a
1079 927 1254 992 linea
1314 928 1554 1012 pendet
1615 929 1958 1011 superiori,
2025 933 2124 993 est
2181 929 2588 1008 semibrevis3
2619 928 2708 992 “si
2750 950 2900 1013 pars

362 1056 537 1119 vero,
586 1055 751 1120 quae
792 1037 883 1101 'ab
926 1035 1221 1101 inferiori
1269 1035 1557 1122 erigitur,
1605 1057 1810 1119 pausa
1853 1036 2157 1101 minimae
2187 1041 2625 1121 nuncupatur.
2720 1034 2898 1113 Quae

368 1143 423 1206 si
486 1143 567 1207 ad
634 1147 829 1228 caput
894 1144 979 1207 sit
1045 1142 1169 1208 hoc
1225 1144 1420 1209 modo
1464 1145 1510 1200 C
1562 1147 1826 1226 retorta,
1897 1165 2100 1228 pausa
2169 1144 2636 1210 semiminimae
2695 1144 2903 1208 nomi-

242 1335 249 1340 ·
359 1255 569 1316 natur.
608 1333 613 1338 .
648 1251 942 1332 Aliarum
972 1272 1125 1316 vero
1156 1251 1583 1318 fractionum¹
1632 1255 1775 1334 (pag.
1810 1256 1896 1334 69)
1953 1253 2036 1318 ob
2080 1253 2350 1317 nimiam
2383 1253 2482 1318 sui
2511 1252 2900 1318 brevitatem

364 1377 571 1442 pausa
598 1350 731 1423 'non
761 1360 1126 1447 reperitur..
1192 1358 1429 1424 Verum
1462 1360 1723 1444 quidam
1753 1364 1826 1424 ut
1867 1359 1907 1425 J
1917 1359 2256 1426 ohannes
2300 1359 2605 1442 Ure'de2,
2647 1361 2902 1425 carissi·-

360 1471 547 1531 mus³
587 1467 829 1532 noster.
854 1466 1029 1552 regis
1076 1467 1427 1550 Hispaniae
1474 1467 1763 1552 capellae
1819 1468 2149 1553 magister,
2205 1489 2442 1552 pausas
2493 1469 2712 1552 posuit
2757 1489 2900 1532 cur-

370 1596 521 1640 seae
551 1573 900 1640 hocmodo
952 1575 1346 1658 perscriptas
1394 1573 1446 1640 P»
1482 1574 1790 1640 fundatus
1820 1575 1891 1639 in
1921 1574 2080 1658 hoc,
2123 1576 2295 1660 quod
2347 1576 2589 1640 notulis
2645 1576 2894 1641 accidit.

363 1679 813 1748 Semiminima
860 1679 1049 1766 e'nim,
1094 1683 1151 1746 si
1192 1687 1386 1767 caput
1414 1682 1618 1749 habet
1646 1687 1966 1749 retortum
1998 1681 2274 1747 efficitur
2303 1705 2546 1765 cursea,
2581 1675 2898 1748 medietas

362 1790 611 1856 scilicet
655 1791 960 1856 minimae
982 1792 1075 1856 ⁴*.
1170 1789 1359 1868 Quod
1404 1791 1459 1855 si
1506 1813 1733 1856 cursea
1780 1790 2124 1875 dupliciter
2167 1791 2253 1855 sit
2297 1795 2571 1874 retorta,
2622 1791 2900 1856 efficitur

358 1898 649 1962 minarea
692 1896 759 1980 Β,
828 1899 1144 1962 medietas
1213 1897 1462 1964 scilicet
1528 1919 1812 1963 curseae.
1906 1898 2013 1963 Sic
2071 1898 2272 1984 igitur
2331 1899 2410 1964 de
2472 1914 2692 1983 pausa·
2741 1899 2898 1964 fien-

361 2007 544 2070 dum:
606 2006 777 2090 quia,
834 2007 891 2070 si
934 2027 1139 2089 pausa
1182 2006 1487 2070 minimae
1534 2007 1616 2070 ad
1676 2011 1872 2090 caput
1913 2007 2009 2070 'sit
2059 2010 2324 2087 retorta,
2383 2007 2659 2072 efficitur
2711 2009 2904 2072 semi-

357 2113 663 2178 minimae
685 2119 729 2196 ⁵,
779 2135 933 2199 ergo
981 2115 1037 2177 si
1081 2113 1182 2179 bis
1229 2114 1313 2178 sit
1356 2119 1629 2198 retorta,
1679 2135 1962 2179 curseae.
2053 2115 2191 2179 Nos
2238 2119 2455 2180 autem
2499 2115 2666 2179 illud·
2706 2137 2898 2199 posse

356 2220 499 2284 fieri
543 2243 675 2286 non
718 2243 1052 2307 negamus,
1104 2221 1255 2306 quia
1298 2223 1550 2288 ratione
1596 2221 1937 2286 fundatum
1993 2227 2131 2286 arte
2190 2222 2625 2308 cognovimus,
2675 2244 2898 2288 verum

356 2351 489 2393 non
546 2328 844 2394 debuisse
901 2329 1041 2394 fieri
1105 2329 1561 2412 conclusimus,
1624 2331 1802 2412 quia,
1870 2352 2015 2394 cum
2069 2329 2295 2395 notula
2354 2329 2469 2394 illa
2525 2334 2746 2394 tantae
2813 2332 2898 2394 sit

356 2435 665 2518 levitatiS,
716 2437 979 2522 quaevis
1024 2441 1243 2520 potest
1285 2437 1355 2501 in
1401 2441 1595 2502 cantu
1641 2436 2131 2522 comprehendi,
2183 2438 2505 2522 quomodo
2551 2438 2619 2502 in
2663 2459 2897 2521 pausa-

357 2544 535 2610 tione
578 2544 842 2628 spiritus
886 2545 955 2608 in
1002 2567 1079 2609 ea
1124 2546 1430 2629 quiescet.
1523 2545 1675 2610 Non
1732 2567 1887 2631 ergo
1941 2544 2104 2612 illud
2159 2567 2296 2610 esse
2342 2545 2623 2610 fiendum
2668 2567 2896 2611 conce-

358 2652 586 2735 dimus,
636 2653 751 2718 sed
798 2653 1169 2717 evitandum
1213 2657 1351 2718 fore
1398 2653 1834 2738 proponimus.
1931 2725 1937 2730 ,

529 2760 647 2824 His
698 2781 851 2846 ergo
896 2761 1117 2844 pausis
1163 2761 1255 2825 sic
1302 2761 1578 2846 cognitis
1625 2761 1816 2826 facile
1861 2762 2332 2846 perfectionem
2365 2766 2430 2827 et
2458 2760 2895 2846 imperfectio-

353 2889 508 2932 nem
550 2867 621 2932 in
652 2867 798 2934 aliis
844 2869 1183 2952 speciebus
1229 2870 1695 2954 cognoscimus.
1790 2869 1954 2934 Cum
2002 2871 2173 2934 enim
2218 2875 2350 2935 tres
2395 2892 2630 2954 pausas
2659 2869 2894 2955 longae

351 2975 602 3058 positas
648 2973 843 3040 simul
888 2980 1000 3040 aut
1044 2999 1173 3041 una
1216 2978 1644 3060 praecedente
1693 2977 1853 3041 alias
1901 2978 2058 3042 duas
2106 2978 2297 3042 simul
2343 2977 2447 3042 vel
2493 2999 2716 3042 omnes
2761 2982 2894 3040 tres

352 3083 603 3148 solutas
648 3085 717 3148 in
765 3083 981 3168 aliquo
1029 3088 1221 3150 cantu
1264 3084 1751 3166 inspexerimus,
1802 3085 2028 3169 procul
2061 3086 2257 3173 dubio
2289 3086 2600 3153 maiorem
2630 3085 2894 3149 modum

359 3195 426 3255 et
476 3191 703 3256 exinde
748 3193 1095 3256 maximam
1139 3191 1369 3277 longas
1414 3195 1547 3255 tres
1593 3192 1809 3256 valere
1856 3193 1961 3256 via
1993 3192 2150 3256 artis
2179 3192 2626 3277 intelligimus
2706 3190 2896 3269 Quod

354 3299 412 3363 si
458 3300 651 3364 binae
697 3303 1021 3383 ponantur
1067 3303 1132 3364 et
1177 3299 1387 3380 binae,
1442 3299 1893 3383 imperfectum
1928 3323 2066 3364 esse
2098 3301 2575 3365 iudicamus**.
2654 3299 2895 3364 Verum

352 3408 411 3472 si
472 3408 697 3472 eadem
749 3429 952 3490 pausa
1004 3407 1241 3492 longae
1298 3408 1425 3471 tria
1471 3411 1741 3490 occupet
1786 3407 2013 3492 spatia,
2062 3408 2379 3472 minorem
2423 3406 2783 3492 perfectum
2830 3413 2895 3472 et

353 3538 435 3580 ex
483 3515 605 3580 hoc
649 3515 912 3601 longam
975 3519 1109 3578 tres
1172 3515 1403 3579 breves
1458 3516 1676 3580 valere
1724 3520 1861 3580 arte
1908 3515 2384 3601 cognoscimus3
2443 3514 2895 3600 imperfectum

530 3713 549 3748 1
583 3709 953 3764 frantionum.

528 3796 550 3832 ‘2
587 3794 881 3866 Spataro
918 3797 1103 3848 nennt
1136 3794 1241 3848 ihn
1275 3795 1339 3849 in
1376 3795 1593 3850 seinem
1625 3796 1869 3849 Tractato
1893 3796 1957 3850 di
1977 3796 2194 3850 musica
2231 3812 2354 3865 cap.
2376 3795 2442 3848 17
2468 3797 2588 3849 und
2621 3796 2688 3848 31
2725 3797 2895 3851 Zoani

351 3881 673 3950 (Giovanni)
712 3882 771 3935 di
796 3880 1041 3936 Ubrede.
1100 3878 1250 3935 Van
1271 3882 1743 3936 deretraeten
1780 3882 2026 3936 erkennt
2049 3881 2113 3936 in
2136 3881 2256 3936 ihm
2282 3882 2451 3936 einen
2477 3874 2896 3936 Niederlander

349 3969 474 4023 und
519 3969 683 4022 fiihrt
729 3967 832 4022 ihu
878 3967 941 4021 in
990 3967 1181 4022 seiner
1223 3967 1478 4036 Musique
1521 3987 1634 4022 aux
1667 3969 1956 4038 Pays-Bas
2004 3967 2102 4035 VI,
2139 3969 2244 4020 464
2276 3968 2545 4023 Anmerk.
2583 3968 2616 4020 2
2661 3968 2764 4022 auf
2806 3969 2891 4023 als

348 4056 433 4110 10.
461 4055 708 4109 Wreede
742 4056 981 4124 brugen.
1040 4053 1171 4108 Von
1213 4055 1411 4108 seinen
1436 4054 1811 4124 praktischen
1835 4054 2089 4108 Werken
2112 4053 2193 4108 ist
2228 4053 2288 4107 in
2325 4053 2516 4121 Rom,
2555 4053 2768 4109 Archiv
2794 4055 2896 4109 der

350 4141 591 4210 Capella.
617 4141 837 4196 Sistina
860 4140 962 4193 Ms.
990 4141 1055 4192 14
1092 4141 1187 4194 ein
1213 4139 1387 4209 Kyrie
1416 4140 1535 4194 und
1568 4141 1760 4194 Gloria
1787 4142 1907 4194 und
1931 4140 1994 4194 in
2030 4141 2116 4195 Pe
2133 4140 2366 4210 rugia,
2405 4140 2553 4194 Bibl.
2580 4139 2892 4195 Comunale

346 4228 457 4282 Ms.
493 4228 554 4281 G.
580 4228 661 4280 20
698 4227 826 4281 eine
866 4225 1283 4295 dreistimmige
1323 4225 1717 4295 Composition
1756 4226 1996 4294 Nunque
2017 4227 2082 4294 fu
2104 4245 2130 4280 e
2151 4244 2300 4294 pena
2322 4227 2508 4287 maior
2543 4226 2834 4281 erhalten.v

524 4317 548 4354 3
582 4313 902 4368 krissimus.
1213 4315 1238 4350 4
1272 4312 1399 4382 Vgl.
1440 4312 1491 4366 S.
1518 4312 1602 4366 87.
1916 4316 1940 4352 5
1980 4312 2233 4366 minima.

527 4403 558 4435 *
593 4400 708 4454 Nos
746 4402 941 4454 autem
977 4397 1244 4468 ponimus
1294 4415 1536 4469 pausam
1582 4399 1916 4454 seminimae
1965 4398 2050 4452 sic
2087 4401 2236 4466 P-ss,
2275 4401 2342 4452 ut
2379 4397 2574 4453 omnes
2613 4398 2890 4465 sentiunt,

346 4487 772 4543 semiminimae
808 4503 943 4541 vero
980 4485 1065 4540 sic
1102 4486 1246 4548 2-2.

527 4574 589 4609 **
629 4573 779 4639 Quid
806 4573 1115 4628 dicendum
1140 4575 1209 4628 de
1236 4572 1441 4628 notula
1473 4571 1667 4642 longa,
1710 4571 1758 4625 si
1795 4588 1902 4626 nec
1939 4573 2116 4626 trium
2153 4572 2616 4642 spatiorum-nec
2651 4573 2892 4626 duorum

344 4693 622 4764 apposita
656 4693 833 4748 fuerit
866 4677 1047 4762 pausa
1083 4697 1148 4748 ut
1183 4694 1301 4748 hic:
1335 4659 2543 4784 {JJO-{Q}
2575 4693 2601 4744 ξ)

1609 4787 1615 4812 ι
