3592 5509
1292 1079 1801 1212 Anhang.

1512 1336 1572 1408 I.

457 1501 765 1568 Nicolai
811 1501 1067 1567 Burtii
1110 1503 1499 1581 Parmensis,
1546 1502 1826 1579 musices
1869 1503 2254 1588 professoris
2295 1526 2370 1570 ac
2409 1505 2569 1569 iuris
2607 1507 2823 1591 ponti-

278 1611 411 1675 ficii
436 1609 911 1692 studiosissimi,
938 1610 1215 1689 musices
1239 1610 1655 1695 opusculum¹
1686 1611 1919 1696 incipit
1941 1633 2088 1677 cum
2112 1612 2488 1679 defensione
2507 1613 2822 1680 Gnidonis

278 1718 538 1785 Aretini
571 1720 875 1784 adversus
923 1719 1243 1803 quendam
1286 1719 1646 1803 Hispanum
1692 1719 1989 1784 veritatis
2033 1721 2635 1804 praevaricatorem.

458 1845 830 1923 Pauperibus
876 1847 1105 1905 clericis
1150 1865 1219 1905 ac
1263 1846 1561 1924 religiosis
1606 1843 1889 1906 Nicolaus
1935 1845 2189 1906 Burtius
2233 1846 2288 1906 S.
2323 1848 2390 1907 P.
2423 1848 2497 1906 D.

457 1949 608 2008 Cum
651 1949 828 2008 multi
873 1950 1044 2010 velut
1086 1949 1317 2008 umbra·
1343 1949 1712 2009 declinavere
1758 1950 1897 2008 anni
1929 1949 2149 2026 quibus
2179 1951 2252 2009 ab
2282 1950 2677 2010 adolescentia
2705 1971 2824 2010 non

279 2053 407 2112 sine
452 2057 650 2112 tamen
692 2053 1115 2131 lugubratione
1160 2053 1345 2111 nimia
1390 2053 1547 2112 circa
1588 2052 1846 2112 musices
1903 2052 2278 2130 disciplinam
2330 2057 2568 2131 tempus
2623 2058 2824 2113 conte-

276 2157 507 2215 ruerim
550 2160 612 2216 et
657 2157 1042 2234 quamplures
1087 2175 1157 2215 ex
1201 2176 1295 2216 me
1352 2157 1633 2216 haustum
1687 2157 2031 2216 huiusmodi
2091 2159 2460 2234 susceperint
2516 2161 2577 2217 et
2632 2157 2824 2217 incre-

276 2263 566 2320 mentum.
658 2259 1014 2338 Compulsus
1056 2259 1296 2344 tandem
1338 2265 1471 2320 tum
1502 2264 1563 2320 et
1592 2263 1791 2321 vestra
1823 2279 1941 2336 qua
1971 2261 2252 2321 devincor
2282 2261 2590 2336 charitate,
2622 2281 2822 2320 aman-

275 2363 522 2441 tissimi,
582 2365 714 2422 tum
776 2367 836 2423 et
895 2363 1269 2440 quorundam
1325 2365 1654 2425 amicorum
1697 2365 2221 2425 vexhortationibus
2274 2365 2459 2425 statui
2515 2365 2620 2424 has
2663 2383 2822 2424 meas

274 2467 517 2544 vigilias
563 2468 731 2527 vobis
774 2468 940 2545 ipsiS,
990 2468 1096 2545 qui
1139 2468 1351 2528 maiori
1396 2489 1466 2528 ex
1509 2472 1679 2546 parte
1724 2468 1965 2546 ingenio
2010 2468 2224 2528 valetis
2268 2488 2337 2528 ac
2382 2468 2681 2546 doctrina,
2731 2468 2821 2527 di-

276 2589 433 2630 care.
528 2571 685 2641 Quid
741 2572 899 2630 enim
959 2572 1209 2649 aequius
1263 2591 1441 2648 quam
1494 2572 1720 2651 ingenii
1772 2575 2160 2632 monumenta
2215 2572 2290 2631 ad
2352 2591 2452 2632 eos
2510 2572 2817 2648 destinare,

275 2675 388 2750 qui
435 2675 645 2734 ceteris
691 2675 965 2735 omnibus
1008 2657 1247 2754 ingenio
1293 2675 1682 2753 doctrinaque
1729 2695 1797 2736 ac
1845 2676 2154 2754 dignitatis
2198 2676 2423 2736 honore
2469 2670 2818 2753 praestent?

272 2775 412 2838 Non
455 2779 701 2856 ignarus
743 2798 871 2838 rem
915 2780 1056 2839 satis
1101 2779 1408 2839 difficilem
1450 2799 1546 2840 me
1590 2780 1790 2840 subire
1837 2783 1898 2840 et
1952 2781 2287 2839 multorum
2344 2780 2672 2856 expositam
2718 2779 2824 2838 ob-

271 2883 652 2960 trectationi,
718 2901 869 2960 quae
927 2883 1071 2942 licet
1131 2883 1210 2943 sit
1263 2884 1408 2944 viris
1467 2884 1710 2961 optimis
1764 2883 1936 2962 parvi
1997 2883 2333 2961 pendenda3
2424 2887 2622 2943 tamen
2687 2902 2824 2942 cum

273 2985 508 3062 priscos
549 2987 687 3046 illos
732 3005 962 3046 summa
1006 2987 1360 3047 auctoritate
1405 2988 1565 3048 viros
1610 2987 1929 3064 aliquando
1974 2988 2370 3065 lacesciverit,
2422 2986 2566 3064 quid
2611 2986 2682 3045 de
2727 3006 2821 3044 me

272 3093 409 3167 ipso
458 3089 928 3168 existimandum,
978 3110 1157 3167 quem
1201 3111 1321 3151 non
1364 3092 1687 3153 auctoritas
1730 3111 1925 3169 neque
1956 3091 2216 3170 dignitas
2242 3085 2498 3151 tuetur?
2548 3090 2821 3149 Confixus

272 3199 478 3254 tamen
532 3195 723 3271 illius,
783 3195 889 3271 qui
942 3214 1051 3272 per
1104 3196 1630 3274 psalmographum
1692 3200 1916 3255 cantat:
2001 3196 2190 3273 Aperi
2244 3214 2308 3254 os
2361 3199 2538 3254 tuum
2593 3198 2653 3253 et
2709 3212 2820 3272 ego

277 3298 617 3375 adimplebo
672 3298 844 3358 illud.
935 3299 1189 3360 Decrevi
1239 3300 1474 3378 itaque,
1524 3303 1844 3377 antequam
1887 3299 2069 3359 animi
2113 3300 2302 3359 nostri
2344 3302 2487 3359 vota
2529 3317 2816 3375 promam,

280 3401 592 3461 cuiusdam
637 3402 907 3461 moderni
950 3421 1178 3462 errores
1220 3402 1565 3462 huiusmodi
1609 3420 1677 3461 ac
1721 3403 1983 3462 insitiam
2029 3420 2367 3480 expugnare
2413 3405 2474 3460 et
2516 3420 2647 3461 eam
2693 3419 2820 3459 0111-

278 3505 456 3565 nibus
501 3505 734 3582 liquido
780 3525 1085 3566 erroneam
1130 3507 1686 3583 absolutissimeque
1732 3505 2152 3566 demonstrare.
2229 3504 2348 3564 Hic
2385 3505 2540 3564 enim
2572 3504 2822 3580 quibus-

280 3610 417 3669 dam
463 3610 942 3670 cavillationibus
987 3630 1055 3669 ac
1098 3610 1261 3670 falsis
1308 3611 1546 3670 omnino
1600 3611 1844 3686 ineptiis
1897 3609 2069 3687 pium
2116 3607 2527 3668 Gnidonem
2570 3607 2821 3666 Areti-

277 3734 443 3793 num,
479 3715 585 3791 qui
616 3714 932 3775 sanctitate
962 3733 1030 3774 ac
1063 3712 1332 3773 doctrina
1360 3711 1855 3792 philosophuis(!)
1889 3712 2104 3772 merito
2135 3710 2574 3788 praeferendus,
2606 3711 2824 3770 nititur

281 3837 629 3896 oppugnare
642 3816 684 3878 2.
778 3817 827 3878 Ο
885 3818 1179 3896 insignem
1240 3819 1613 3896 calumniam,
1676 3837 1710 3877 o
1771 3815 2207 3894 impudentiam
2267 3819 2402 3875 ante
2458 3815 2618 3874 hunc
2664 3814 2821 3873 diem

280 3921 630 3982 inauditam.
724 3922 1030 3981 Exclamat
1074 3941 1495 3999 saepenumero
1542 3920 1781 3982 demens
1841 3922 1904 3979 et
1957 3919 2164 3979 multis
2223 3919 2600 3979 contumeliis
2657 3918 2823 3977 voci—

283 4026 535 4085 feratur.
631 4024 789 4096 Quid
834 4027 1068 4102 clamas,
1118 4025 1263 4102 quid
1308 4021 1589 4104 angeris?
1638 4027 1795 4084 Ante
1841 4024 1980 4084 hinc
2025 4022 2340 4101 discedam,
2387 4022 2480 4081 tui
2524 4021 2820 4082 nefandis-

282 4130 416 4188 simi
460 4131 679 4190 erroris
722 4133 782 4190 te
826 4131 1052 4207 pudeat
1093 4149 1403 4190 necessum
1447 4133 1553 4190 est.

459 4335 478 4370 1
512 4331 629 4388 Der
664 4332 816 4388 Titel
854 4333 953 4388 des
991 4332 1233 4387 Werkes
1269 4332 1371 4388 ist:
1408 4332 1641 4386 Florum
1676 4331 1883 4385 libellus
1919 4329 2224 4400 (Impensis
2260 4328 2562 4384 Benedicti
2596 4327 2820 4382 librarii

277 4419 655 4474 bononiensis
692 4435 761 4474 ac
796 4436 1020 4473 summa.
1053 4418 1342 4474 industria
1364 4418 1583 4488 Ugonis
1622 4418 1692 4472 de
1729 4417 1994 4487 rugeriis,
2032 4415 2133 4484 qui
2165 4414 2610 4486 propatissimus
2646 4414 2816 4468 huius

278 4504 423 4560 artis
462 4509 709 4573 exactor,
745 4505 1062 4576 impressus
1087 4505 1397 4574 Bononiae,
1436 4506 1602 4559 Anno
1638 4504 1858 4559 domini
1883 4501 2442 4558 MCCGCLXXXVII
2479 4501 2572 4557 die
2611 4500 2843 4555 ultima.

275 4591 517 4662 aprilis).

455 4682 478 4720 2
512 4681 684 4738 Siehe
723 4682 775 4737 S.
802 4683 886 4750 11,
924 4683 1007 4751 19,
1044 4682 1127 4749 31,
1164 4681 1233 4736 40
1269 4699 1321 4735 11.
1358 4681 1441 4734 99.
