3592 5509
1360 405 1441 415 -
1536 369 1831 432 101-

327 541 585 607 Chorda
630 540 820 624 enim,
870 562 1033 625 quae
1079 539 1521 607 trihemitonio
1582 563 1764 607 cassa
1809 541 1952 626 fuit,
2009 541 2256 608 hexade
2313 543 2562 609 carebit
2602 545 2862 610 minori,

326 650 433 716 Sic
479 653 661 714 sexta
704 647 913 714 maior
970 653 1035 713 et
1078 647 1274 714 tertia
1316 649 1549 730 maior;
1609 654 1760 714 nam
1815 648 2073 732 chorda,
2131 672 2295 734 quae
2351 651 2572 717 ditono
2631 654 2865 736 caruit,

324 757 571 822 hexade
624 756 855 822 maiori
921 755 1228 840 privatur.
1336 756 1443 822 Sic
1510 761 1576 822 et
1634 757 1910 841 septima
1975 757 2182 823 maior
2250 763 2362 823 aut
2415 758 2628 824 minor
2693 760 2861 826 sicut

323 869 514 930 tonus
548 868 615 930 et
642 863 1081 944 semitonium3
1127 886 1405 949 namque
1438 864 1604 929 sicut
1646 864 1812 930 istae
1853 865 1936 929 ad
1977 864 2227 930 fontem
2271 866 2364 931 sic
2393 865 2623 950 heptas
2653 868 2863 933 maior

325 977 436 1036 aut
478 972 691 1036 minor
736 974 817 1037 ad
863 970 999 1037 eius
1046 975 1340 1037 octavam
1385 993 1455 1036 se
1500 971 1761 1037 habent.

500 1079 631 1144 Has
679 1079 919 1145 etenim
963 1078 1235 1145 chordas
1280 1079 1414 1144 sive
1458 1083 1723 1163 tractus,
1786 1079 2018 1165 quibus
2065 1079 2342 1146 chordae
2392 1081 2861 1166 percutiuntur,

326 1186 435 1270 qui
478 1187 835 1274 vulgariter
875 1187 1107 1253 taedae
1154 1191 1305 1252 sunt
1348 1186 1719 1271 nuncupati,
1771 1187 1841 1253 in
1886 1187 2324 1254 monochordo
2370 1188 2464 1254 sic
2511 1189 2863 1274 disponunt

323 1295 849 1380 contemporanei
893 1295 1116 1377 nostri,
1174 1300 1248 1359 ut
1290 1299 1535 1360 tractus
1594 1295 1837 1361 ordinis
1880 1295 2194 1361 naturalis
2238 1301 2416 1364 recto
2470 1299 2665 1364 modo
2710 1322 2857 1384 pro-

323 1404 594 1469 cedant¹
640 1403 895 1469 abiecto
941 1407 1191 1488 sy-(pag.
1225 1407 1721 1486 82)nemmenon,
1768 1407 1843 1468 ut
1883 1403 1955 1468 in
1999 1404 2208 1488 prima
2237 1411 2610 1472 mensurata
2642 1412 2859 1472 osten-

326 1511 532 1576 dimus
592 1511 813 1598 figura.
906 1510 995 1575 At
1054 1533 1207 1576 vero
1269 1511 1500 1577 taedae
1558 1533 2022 1596 synemmenon
2085 1518 2151 1577 et
2213 1513 2507 1578 ordinum
2567 1514 2860 1580 acciden-

322 1619 551 1683 talium
605 1618 1073 1703 aliquantulum
1127 1640 1321 1702 super
1362 1617 1463 1683 his
1512 1618 1802 1683 elevatae
1845 1624 2174 1703 ponuntur
2219 1619 2470 1686 diverso
2519 1621 2858 1705 depinctae

323 1727 560 1810 colore,
606 1731 679 1792 ut
720 1731 904 1811 patet
957 1727 1027 1791 in
1071 1726 1294 1813 figura.
1390 1725 1521 1792 Sed
1576 1726 1932 1792 notandum
1991 1731 2089 1791 est
2143 1732 2209 1791 et
2238 1727 2446 1800 ‚valde
2503 1730 2860 1793 notandum

324 1835 404 1899 de
446 1834 562 1900 illa
616 1834 856 1900 chorda
908 1834 1081 1900 inter
1136 1836 1179 1899 h
1225 1839 1290 1899 et
1328 1856 1371 1918 9
1424 1833 1759 1900 collocata.
1853 1833 2130 1912 Quidam
2196 1835 2366 1900 enim
2429 1837 2859 1920 practicorum

322 1941 535 2008 minus
579 1943 746 2008 bene
790 1943 1242 2028 praevidentes
1285 1942 1381 2006 ita
1432 1942 1613 2007 illam
1660 1942 2029 2026 disponunt,
2085 1947 2158 2008 ut
2202 1959 2347 2008 cum
2391 1945 2434 2008 k
2488 1944 2573 2009 sit
2616 1945 2860 2010 bonum

326 2049 762 2134 semitonium,
826 2073 971 2116 cum
1024 2072 1067 2134 9
1122 2073 1276 2116 vero
1329 2051 1590 2115 malum.
1689 2050 1776 2114 Et
1834 2050 1927 2114 sic
1984 2049 2286 2134 diapente
2344 2073 2489 2116 cum
2543 2052 2754 2136 prima
2788 2055 2864 2133 &2

325 2159 567 2241 quadro
611 2157 795 2222 illam
840 2158 1086 2223 faciunt
1129 2180 1453 2242 resonare,
1510 2179 1673 2242 quae
1722 2157 2024 2241 diapente
2076 2158 2325 2224 inutilis
2381 2164 2498 2242 est,
2555 2161 2860 2244 quoniam

321 2288 470 2332 raro
513 2266 587 2331 fit
633 2271 717 2350 et,
762 2271 836 2331 ut
879 2266 1092 2332 verius
1136 2266 1385 2351 loquar,
1444 2288 1794 2351 numquam
1838 2264 1979 2330 fieri
2025 2267 2236 2332 debet.
2330 2265 2568 2332 Verum
2613 2268 2668 2332 si
2716 2268 2858 2352 quis

325 2373 520 2439 dicat:
569 2374 651 2439 ad
680 2374 805 2440 hoc
832 2374 1112 2459 ponitur,
1162 2379 1252 2458 ut,
1301 2397 1447 2440 cum
1490 2380 1679 2442 tenor
1708 2372 2041 2438 descendit
2085 2375 2166 2438 ad
2211 2395 2254 2438 a
2281 2396 2398 2458 per
2427 2375 2483 2458 b,
2532 2374 2860 2440 discantus

322 2480 563 2548 habeat
593 2487 841 2548 sextam
870 2483 1183 2548 maiorem
1226 2483 1296 2547 in
1339 2482 1455 2547 illa
1496 2482 1769 2547 tendens
1817 2482 1897 2546 ad
1929 2481 2240 2566 diapason
2267 2485 2329 2566 h,
2373 2483 2860 2567 respondemus,

324 2591 497 2674 quod
545 2612 717 2656 nunc
769 2591 838 2656 in
891 2596 1117 2656 tenore
1175 2591 1369 2657 debet
1421 2590 1561 2656 fieri
1620 2589 1922 2674 variati0,
1976 2590 2101 2655 hoc
2149 2594 2248 2655 est
2295 2591 2683 2656 descendere
2743 2613 2860 2675 per

320 2699 597 2784 primam
650 2682 935 2765 bmollis
991 2699 1423 2783 coniunctam,
1483 2721 1647 2783 quae
1704 2703 1889 2765 sexta
1943 2699 2151 2764 maior
2214 2704 2312 2764 est
2357 2700 2439 2764 ad
2477 2721 2536 2783 9.
2626 2699 2713 2763 Et
2765 2698 2862 2764 sic

223 2813 229 2826 ¹
322 2807 437 2873 fiet
485 2807 795 2873 transitus
850 2829 984 2873 non
1040 2808 1250 2873 solum
1308 2808 1404 2872 ita
1458 2808 1691 2890 bonus,
1758 2827 1983 2871 verum
2041 2806 2296 2890 melior,
2360 2806 2608 2872 dulcior
2665 2811 2860 2891 atque

325 2915 609 2995 suavior;
659 2920 725 2981 et
768 2915 825 2985 si
868 2915 1085 2981 media
1127 2937 1252 2981 vox
1294 2915 1761 2999 interponatur,
1807 2913 2009 2980 habet
2051 2915 2312 2980 tertiam
2342 2914 2653 2979 maiorem
2696 2913 2766 2978 in
2795 2916 2856 2999 d,

326 3047 365 3088 a
410 3046 537 3107 qua
578 3023 798 3089 veniet
838 3023 911 3088 in
956 3023 1247 3107 quintam
1292 3022 1541 3087 scilicet
1583 3045 1615 3087 e
1658 3022 1950 3108 regulam
2005 3044 2199 3105 supra
2241 3023 2521 3106 positam
2573 3043 2860 3105 servanS,

326 3154 520 3215 quam
560 3153 693 3197 non
738 3130 954 3215 habet,
1016 3130 1071 3196 si
1118 3131 1245 3198 alio
1290 3131 1482 3196 modo
1531 3130 1892 3196 descendat.
1986 3129 2280 3214 Namque
2335 3130 2616 3195 secunda
2659 3119 2859 3194 bnon

325 3239 737 3326 coniungitur
781 3239 930 3305 huic
974 3239 1226 3305 ratione
1274 3239 1545 3324 signata.

495 3347 582 3411 Et
624 3346 681 3411 si
727 3346 871 3431 quis
914 3345 1115 3410 vellet
1168 3345 1408 3428 dicere,
1471 3346 1642 3429 quod
1692 3345 1788 3410 ibi
1840 3344 2199 3409 renascitur
2241 3348 2466 3427 protus
2528 3349 2593 3408 et
2637 3344 2860 3409 condi-

326 3455 563 3538 cioneS,
622 3477 780 3539 quas
832 3454 1063 3520 habuit
1106 3455 1167 3538 d,
1226 3454 1422 3519 debet
1479 3458 1544 3518 et
1587 3455 1629 3516 h
1685 3452 1978 3519 obtinere
2036 3457 2101 3517 et
2153 3474 2298 3517 cum
2342 3453 2388 3516 d
2443 3451 2858 3517 semitonium

325 3564 446 3627 sub
491 3585 560 3628 se
608 3568 674 3628 et
719 3583 913 3646 supra
957 3585 1026 3627 se
1070 3561 1313 3628 habere
1356 3565 1783 3627 monstratum
1831 3561 1940 3642 sit,
2001 3560 2226 3625 eodem
2279 3560 2472 3624 modo
2529 3565 2595 3624 et
2636 3560 2700 3640 h,
2756 3581 2859 3624 re-

326 3670 789 3755 spondebimus
848 3669 1135 3734 dicentes
1194 3672 1645 3756 argumentum
1698 3689 1831 3733 non
1887 3667 2267 3751 procedere,
2327 3667 2630 3752 quoniam
2695 3666 2860 3731 fflud

326 3777 555 3844 habuit
593 3800 654 3862 9,
701 3799 865 3863 quae
910 3778 1180 3843 totalem
1226 3775 1714 3842 similitudinem
1757 3776 1879 3841 sub
1935 3779 2000 3840 et
2045 3797 2238 3858 supra
2277 3773 2349 3839 in
2395 3796 2858 3859 synemmenon

323 3885 738 3952 tetrachordo
795 3885 1094 3951 vendicat
1146 3885 1299 3970 sibi,
1357 3907 1488 3952 non
1542 3889 1762 3950 tamen
1824 3885 1886 3966 h,
1943 3881 2093 3967 quia
2149 3882 2267 3946 sub
2327 3903 2396 3946 se
2452 3883 2610 3947 duos
2667 3887 2857 3946 tonos

323 3995 543 4060 habet.
618 3994 804 4059 Licet
846 3993 1055 4079 prima
1099 3993 1403 4077 diapente
1448 3993 1535 4058 sit
1577 3992 1647 4057 in
1687 3992 2006 4057 disiuncto
2051 3991 2325 4073 intensa,
2373 3989 2464 4054 sic
2512 3994 2576 4055 et
2619 3989 2859 4064 diates-

325 4125 537 4185 saron,
583 4125 808 4168 verum
852 4106 1079 4166 tamen·
1117 4101 1517 4166 diatessaron
1572 4122 1765 4184 supra
1810 4098 2110 4182 diapente
2155 4098 2431 4182 primam
2465 4118 2614 4193 'non
2658 4097 2860 4161 habet

326 4213 444 4276 sed
496 4211 861 4276 secundam.
962 4210 1171 4294 Igitur
1220 4208 1337 4272 ffla
1398 4208 1638 4272 chorda
1660 4195 1668 4204 ⁸
1690 4207 1759 4272 in
1813 4205 2154 4272 coniuncto
2210 4206 2512 4270 deuterus
2572 4209 2669 4269 est
2723 4209 2859 4269 tam

326 4318 687 4384 autenticus
734 4339 927 4402 quam
969 4315 1264 4402 plagalis,

502 4424 635 4489 Alii
695 4447 849 4490 vero
903 4423 1171 4508 practici
1228 4423 1471 4489 dicunt:
1537 4422 1592 4488 si
1652 4422 1774 4489 hoc
1827 4403 2040 4506 fieret,
2097 4420 2397 4504 diapente
2455 4443 2488 4484 e
2542 4411 2576 4502 ἡ
2615 4420 2857 4504 quadro

506 4664 525 4700 1
558 4659 895 4730 procedunt.
1311 4658 1333 4695 2
1369 4659 1421 4713 b.
