3592 5509
1311 386 1742 451 -15-

245 558 602 643 Caperon
669 558 860 624 Gallo
933 558 1128 624 simul
1195 580 1324 624 uno
1393 564 1555 643 potu
1619 558 1925 645 deglutiri
1984 580 2173 643 posse
2239 581 2370 625 non
2408 558 2792 625 dubitem&

239 664 380 731 Iste
444 668 616 731 enim
668 667 990 753 Rogerius
1037 665 1340 752 Caperon·
1389 667 1482 731 sic
1545 668 1665 731 ait:
1731 666 2023 745 Quatuor
2078 672 2231 731 sunt
2284 667 2556 753 figurae,
2618 689 2783 752 quae

243 774 503 839 addi-tae
560 779 713 839 sunt
759 774 830 839 in
891 779 1110 857 cantu,
1173 775 1448 840 scilicet:
1508 774 1777 860 coruph‚
1837 773 2317 859 synemmenon,
2367 780 2697 859 apotome.
2726 780 2792 841 et

243 879 486 949 crisis'2.
539 880 800 966 Coruph
832 882 1119 967 appellat
1144 882 1434 966 Gramma,
1470 884 1622 968 quia
1644 884 1883 967 addita,
1920 902 2383 967 synemmenon
2414 888 2459 967 b,
2487 888 2789 967 apotome

242 1012 400 1055 vero
445 998 510 1085 ἠς
557 991 674 1055 sed
703 989 921 1056 crisim
967 990 1254 1075 appeHat
1283 1012 1316 1055 e
1352 996 1822 1075 superacutam,
1868 991 1938 1055 in
1979 1014 2105 1076 qua
2134 1013 2441 1076 sequaces
2473 987 2789 1056 Guidonis

238 1103 493 1181 ponunt
537 1100 618 1162 la.
667 1140 673 1149 ·
711 1096 1191 1182 Synemmenon
1234 1099 1401 1164 bene
1450 1099 1606 1163 dicit
1653 1122 1793 1164 esse
1842 1104 1891 1182 b,
1942 1100 1996 1164 si
2040 1099 2368 1186 intelligat
2413 1092 2788 1164 distantiam

243 1206 575 1271 semitonii
630 1206 712 1271 ab
769 1225 814 1269 a
867 1205 936 1270 in
980 1206 1030 1287 ⁴7,
1079 1207 1383 1291 quoniam
1429 1208 1567 1290 ipse
1622 1228 1752 1272 non
1801 1207 2112 1288 declarat3
2172 1209 2339 1272 bene
2389 1208 2585 1273 etiam
2632 1207 2790 1271 dicit

243 1318 616 1397 apotomen,
665 1313 719 1378 si
763 1313 1092 1401 intelligat
1136 1314 1508 1379 distantiam
1535 1315 1588 1391 *b
1625 1319 1690 1379 et
1735 1336 1786 1411 ρ,
1835 1316 2139 1399 quoniam
2184 1317 2275 1380 sic
2322 1338 2360 1379 a
2401 1316 2675 1381 Boetio
2726 1319 2792 1379 et

243 1446 282 1485 a
328 1420 690 1487 Philolao
748 1422 1138 1507 appellatur,
1204 1423 1376 1507 quod
1431 1422 1641 1487 maius
1701 1424 2117 1488 semitonium
2174 1424 2461 1488 dicimus,
2552 1424 2638 1488 Et
2695 1423 2788 1487 sic

238 1528 475 1615 viginti
522 1529 794 1595 chordas
838 1530 1022 1615 ponit
1065 1532 1134 1596 in
1181 1552 1465 1595 errorem
1528 1531 1829 1596 decidens
1877 1532 2166 1597 aliorum.

1055 1832 1547 1915 capitulum
1601 1836 1963 1903 sextum.

589 1968 1076 2039 Diversorum
1129 1968 1791 2041 instrumentorum
1844 1969 2091 2040 brevis
2144 1970 2433 2041 notitia.

249 2114 681 2251 OSTENSA
709 2116 1124 2182 mediocriter
1153 2096 1469 2203 regularis
1498 2117 1920 2183 monochordi
1954 2118 2266 2183 divisione
2299 2118 2619 2203 reliquum
2668 2124 2784 2202 est,

370 2230 444 2289 ut
490 2226 570 2290 ad
610 2224 800 2289 huius
830 2224 1124 2310 regulam
1169 2246 1395 2289 vocem
1438 2223 1786 2289 humanam
1832 2224 2201 2311 redigentes
2233 2225 2600 2291 alternatim
2651 2225 2785 2291 ele-

241 2354 396 2397 vare
462 2326 950 2417 deprimereque
1013 2333 1372 2396 doceamus
1477 2333 1617 2397 Hoc
1673 2337 1891 2397 autem
1941 2333 2175 2397 melius
2232 2355 2664 2419 assequemur,
2726 2334 2782 2399 si

238 2441 421 2525 prius
495 2441 684 2505 nobis
761 2430 1160 2505 diversorum
1231 2439 1825 2519 instrumentorum,
1906 2441 2055 2505 dum
2129 2462 2377 2505 summa
2452 2442 2783 2526 sequimur

234 2548 517 2634 vestigia
569 2572 800 2625 rerum,
861 2548 1096 2613 notitia
1150 2548 1525 2631 declaretur,
1583 2554 1657 2613 ut
1692 2570 1847 2613 cum
1893 2547 2037 2612 aliis
2085 2550 2279 2613 etiam
2332 2550 2779 2613 instrumentis

244 2678 564 2742 organum
608 2657 901 2721 naturale
935 2660 1418 2741 contemperare
1465 2658 1762 2721 sciamus
1853 2658 2101 2722 Horum
2148 2661 2363 2721 autern
2395 2657 2561 2722 aliae
2611 2660 2778 2739 sunt,

237 2788 406 2850 quae
454 2767 828 2829 extensione
874 2764 1076 2829 nimia
1121 2787 1310 2829 voces
1344 2769 1693 2829 extenuant
1740 2770 1852 2829 aut
1879 2765 2206 2829 laxatione
2255 2765 2512 2829 easdem
2544 2766 2781 2831 obtun-

236 2874 442 2937 dunt3
489 2878 556 2937 et
602 2874 682 2937 ad
725 2873 1113 2959 gravitatem
1158 2874 1512 2938 remittunt.
1609 2872 1775 2937 Sunt
1822 2872 2019 2945 etiarn
2050 2872 2327 2937 chordae
2375 2872 2665 2938 diversae
2716 2876 2779 2937 et

235 2983 310 3045 in
354 2980 770 3067 longitudine
796 2986 860 3045 et
888 2980 958 3044 in
988 2980 1308 3066 grossitie,
1357 2986 1430 3045 ut
1473 2980 1543 3044 in
1589 2980 1837 3045 cithara
1886 2985 1949 3044 et
1979 2981 2133 3064 lyra,
2186 2976 2597 3067 polychord0‚
2650 2966 2786 3061 class

233 3088 566 3181 vichordo,
625 3088 1089 3171 clavicimbalo‚
1145 3088 1455 3171 psalterio
1516 3092 1580 3152 et
1632 3088 1700 3152 in
1760 3088 1903 3151 aliis
1956 3084 2249 3172 pluribus
2305 3088 2771 3171 instrumentiS,

241 3172 477 3282 quihus
526 3220 563 3260 a
604 3193 986 3280 posteritate
1032 3217 1200 3261 nova
1246 3200 1395 3259 sunt
1437 3195 1743 3278 imposita
1788 3196 2105 3261 vocabula
2153 3200 2217 3259 et
2247 3217 2518 3279 quorum
2562 3195 2631 3259 in
2678 3217 2779 3259 se-

233 3305 448 3369 cundo
472 3303 639 3371 libro
671 3304 933 3388 planam
963 3302 1274 3367 faciemus
1306 3303 1724 3367 mentionem.
1789 3302 2023 3367 Omnia
2051 3307 2271 3367 tamen
2299 3302 2460 3367 haec
2484 3308 2775 3367 nostram

235 3410 620 3477 divisionem
664 3412 890 3499 fugere
935 3399 1066 3495 non
1110 3416 1397 3495 possunt.
1489 3410 1750 3475 Etenim
1797 3411 2073 3475 chordae
2120 3410 2557 3499 monochordi,
2609 3434 2773 3495 quae

235 3516 525 3584 eiusdem
583 3524 733 3584 sunt
793 3519 1138 3605 grossitiei,
1204 3519 1632 3605 longitudinis
1696 3524 1761 3583 et
1824 3518 2236 3603 extensioniS,
2308 3519 2361 3583 si
2416 3520 2484 3584 in
2548 3521 2773 3585 eadem

233 3628 545 3693 distantia
587 3627 860 3693 ‘fuerint
923 3649 1284 3711 percussae,
1366 3628 1637 3692 eundem
1703 3625 2071 3691 necessario
2147 3650 2377 3709 sonum
2454 3628 2770 3711 emittent,

233 3724 778 3820 quemadmodum
843 3733 1281 3800 monochorda
1354 3735 1756 3819 repperimus
1833 3736 2114 3820 antiqua.
2222 3734 2353 3815 Sed
2420 3726 2772 3813 secundum

236 3844 410 3927 quod
454 3842 876 3928 propinquius
922 3843 1027 3907 vel
1074 3842 1416 3907 distantius
1463 3825 1500 3907 a
1544 3842 1708 3923 loco,
1756 3844 1871 3909 ubi
1900 3846 2305 3929 torquentur,
2349 3865 2770 3928 unaquaeque

230 3950 608 4034 percutitur,
656 3951 1020 4036 graviorem
1053 3951 1484 4015 acutioremve
1531 3952 1882 4015 secundum
1912 3950 2395 4035 proportionem
2435 3946 2769 4038 divisionis

376 4162 394 4197 1
430 4158 602 4214 Diese
630 4158 811 4213 Stelle
849 4157 928 4211 ist
959 4175 1070 4211 von
1094 4142 1533 4211 Franchinus
1564 4157 1737 4211 Gafu
1751 4157 1895 4212 rius
1932 4158 2117 4212 falsch
2143 4158 2492 4211 verstanden
2516 4157 2768 4225 worden,

229 4245 339 4299 wie
379 4262 480 4299 aus
509 4245 701 4300 seiner
723 4245 988 4314 Apoloyia
1011 4244 1385 4315 hervorgeht:
1423 4244 1476 4298 Is
1505 4243 1659 4298 enim
1684 4242 1871 4313 primo
1899 4261 2037 4299 suae
2061 4245 2351 4313 practicae
2376 4246 2511 4312 post
2536 4238 2769 4297 manum

230 4329 515 4387 Gnidonis
565 4332 924 4387 Marchetum
967 4331 1160 4400 ipsum
1206 4334 1392 4399 (quem
1441 4326 1691 4385 Joannes
1747 4330 2123 4385 Carthusinus
2172 4330 2358 4385 ferula
2404 4324 2769 4399 indigentem

226 4420 413 4483 notat)
437 4419 728 4485 quattuor
764 4416 1072 4472 marchetis
1099 4418 1463 4472 ‘Venetorum
1495 4416 1741 4472 nummis
1780 4415 2047 4475 venalem
2083 4416 2355 4471 aestimat
2390 4457 2402 4469 .
2432 4455 2444 4469 .
2471 4456 2485 4470 .
2512 4457 2525 4470 .

400 4505 424 4541 ²
459 4504 565 4559 Die
601 4504 724 4559 vier
757 4504 1191 4573 Benennungen
1231 4501 1611 4572 entsprechen
1650 4503 1761 4556 den
1799 4500 2202 4571 griechischen
2234 4502 2527 4557 Wortern:
2565 4505 2769 4575 κορυφή

230 4591 351 4654 (der
390 4589 599 4659 Gipfel‚
638 4592 739 4645 der
776 4590 1176 4661 Anfangston),
1215 4590 1569 4661 συνημμένων,
1608 4588 1865 4659 ἀποτομή,
1902 4589 2081 4659 κρίσις.

401 4678 425 4715 3
461 4678 803 4732 obtundant.
