3592 5509
1336 380 1769 446 ...63—

288 555 659 639 septimam3
724 555 1005 619 secunda
1056 575 1210 619 vero
1263 555 1471 620 maior
1528 557 1639 618 aut
1696 555 1938 638 minor,
2012 556 2163 640 quia
2218 560 2409 630 tonus
2469 561 2581 620 aut
2635 557 2828 621 semi-

285 663 566 742 tonium;
643 668 870 748 quarta
923 661 1247 744 similiter,
1320 662 1472 746 quia
1531 662 1934 727 diatessaron
1997 667 2108 728 aut
2174 664 2480 743 tritonus3
2551 665 2827 748 septima

289 772 517 836 eodem
548 771 759 853 modo,
811 772 961 854 quia
999 770 1229 854 heptas
1274 771 1482 835 maior
1528 774 1641 835 aut
1682 769 1914 834 minor.
1993 769 2121 836 Sed
2168 772 2631 838 concordantes
2678 776 2830 837 sunt

287 879 622 962 unisonus,
686 879 905 962 tertia,
946 878 1222 972 quinta,
1294 882 1502 960 sexta,
1560 882 1804 943 octava.
1897 877 1997 942 De
2055 879 2328 944 unisono
2388 883 2606 944 tamen
2665 879 2827 944 nulli

288 987 571 1070 dubium,
622 987 773 1070 quia
802 986 974 1051 idem
1016 1009 1054 1050 a
1098 1007 1167 1050 se
1213 986 1356 1069 ipso
1400 1007 1531 1050 non
1578 985 1811 1051 differt.
1889 986 2025 1051 Nec
2068 991 2414 1070 propterea
2456 987 2627 1052 inter
2673 1009 2828 1053 con-

287 1094 618 1159 sonantias
665 1098 1088 1178 computatur,
1143 1093 1293 1177 quia
1338 1093 1761 1158 consonantia
1805 1115 1938 1159 non
1985 1099 2082 1159 est
2127 1094 2435 1159 similium
2479 1095 2595 1160 sed
2641 1096 2829 1160 dissi-

285 1201 537 1266 milium
565 1201 634 1266 in
680 1223 878 1266 unum
923 1200 1184 1266 redacta
1229 1202 1571 1267 concordia
1616 1206 1729 1266 aut
1775 1201 2184 1266 dissimilium
2230 1224 2425 1268 sonus
2469 1205 2825 1287 permixtus

288 1315 354 1374 et
398 1309 749 1374 conformis
795 1311 1203 1392 suaviterque
1250 1309 1513 1374 auribus
1559 1310 1875 1393 accidens,
1933 1310 2332 1376 dissonantia
2374 1332 2528 1377 vero
2575 1332 2824 1396 aspera,

285 1423 359 1483 ut
403 1419 495 1483 ait
537 1419 915 1499 Boetius¹,
966 1424 1031 1482 et
1072 1416 1421 1483 iniucunda
1465 1417 1735 1500 collisio,
1785 1419 1937 1501 quia
1982 1422 2251 1503 uterque
2295 1419 2552 1506 integer
2595 1421 2826 1484 nititur

210 1595 214 1601 ,
284 1526 623 1610 pervenire
694 1547 813 1590 nec
886 1525 1051 1590 alter
1119 1524 1308 1590 alteri
1369 1525 1566 1607 cedit,
1645 1529 1717 1588 ut
1787 1525 1985 1590 latius
2044 1526 2114 1590 in
2184 1525 2492 1592 theoricis
2554 1528 2824 1593 demon-

284 1635 649 1699 strabimus.

434 1742 575 1810 Est
605 1745 825 1806 tamen
854 1742 1164 1805 unisonus
1209 1741 1279 1804 in
1323 1741 1569 1806 musica
1613 1739 1779 1805 sicut
1823 1741 2037 1806 unitas
2081 1743 2151 1806 in
2197 1742 2604 1808 arithmetica
2647 1744 2824 1828 prin-

284 1849 526 1933 cipium
570 1870 999 1930 numerorum,
1048 1848 1194 1912 fons
1243 1852 1308 1913 et
1352 1847 1535 1935 origo
1581 1849 2146 1914 consonantiarum
2161 1853 2201 1913 2.
2288 1849 2580 1916 Unisono
2623 1850 2826 1937 igitur

282 1957 739 2041 praetermisso
796 1955 1080 2020 dicemus
1140 1955 1387 2039 species
1445 1957 1908 2021 concordantes
1964 1961 2240 2040 quatuor
2300 1979 2468 2041 esse,
2544 1958 2820 2023 scilicet:

283 2066 564 2148 tertiam,
613 2064 920 2148 quintam,
970 2068 1220 2128 sextam
1266 2067 1334 2129 et
1377 2069 1689 2144 octavam,
1728 2086 2021 2148 -quarum
2070 2065 2232 2130 duae
2279 2070 2429 2130 sunt
2472 2067 2819 2150 perfectae,

286 2173 511 2257 quinta
554 2171 803 2238 scilicet
850 2175 915 2236 et
961 2174 1203 2253 octava,
1267 2170 1685 2256 imperfectae
1728 2193 1886 2236 vero
1930 2173 2126 2237 tertia
2172 2177 2237 2237 et
2281 2177 2479 2238 sexta.
2573 2173 2822 2258 Imper-

285 2279 496 2345 fectae
554 2279 725 2345 enim
783 2278 1105 2362 dicuntur,
1166 2281 1467 2363 quoniam
1516 2282 1657 2361 (pag.
1692 2284 1777 2362 52)
1825 2279 2170 2345 variabiles
2226 2282 2443 2364 sunt*,
2504 2281 2654 2367 quia
2708 2304 2827 2365 per

283 2386 679 2452 additionem
710 2387 1040 2452 semitonii
1068 2387 1172 2452 vel
1205 2387 1711 2452 subtractionem
1743 2389 2232 2452 consonantiam
2277 2410 2408 2453 non
2450 2391 2821 2472 mutant**,

285 2497 400 2560 sed
444 2517 698 2580 semper
742 2496 908 2560 bene
955 2499 1204 2577 sonant,
1264 2494 1387 2559 hoc
1435 2498 1534 2559 est
1577 2494 1773 2559 tertia
1819 2495 2124 2560 ditonalis
2169 2496 2272 2561 vel
2329 2497 2818 2562 semiditonalis.

285 2603 417 2668 Sed
448 2603 665 2668 differt
701 2604 771 2667 in
814 2602 956 2686 hoc,
1006 2603 1156 2687 quia
1200 2602 1314 2666 illa
1361 2601 1596 2667 dicitur
1636 2602 1863 2685 maior,
1911 2606 2040 2667 ista
2083 2624 2236 2667 vero
2281 2603 2509 2668 minor.
2588 2602 2698 2669 Sic
2744 2605 2822 2668 de

280 2715 464 2775 sexta
512 2712 878 2790 dicendum3
939 2711 1239 2794 diapente
1295 2732 1439 2776 cum
1492 2714 1648 2775 tono
1700 2711 1808 2775 vel
1864 2732 2007 2775 cum
2062 2711 2406 2776 semitonio
2464 2715 2562 2776 est
2615 2711 2825 2775 maior

279 2818 589 2883 minorve.
694 2817 937 2884 Octava
994 2840 1147 2883 vero
1200 2839 1321 2884 nec
1380 2822 1796 2904 augmentum
1857 2799 2089 2901 recipit
2139 2841 2260 2885 nec
2321 2820 2821 2902 decrementum,

283 2928 439 3012 quin
472 2927 761 2992 dissonet
795 2932 861 2991 et
891 2926 1232 3009 discordet,
1282 2926 1433 3011 quia
1478 2947 1733 3010 semper
1778 2926 2061 3010 quinque
2106 2931 2299 2992 tonos
2348 2928 2583 2992 etduo
2631 2927 2822 2992 semi-

252 3037 461 3102 ·tonia
504 3036 644 3100 vult
688 3034 927 3100 habere
974 3057 1093 3100 nec
1137 3034 1283 3119 plus
1327 3056 1447 3099 nec
1490 3035 1731 3113 minus;
1789 3034 2066 3118 ideoque
2111 3035 2585 3118 perfectissima
2628 3057 2821 3100 voca-

278 3148 386 3208 tur
433 3149 499 3209 et
544 3145 910 3229 aequisona,
977 3144 1125 3227 quia
1172 3164 1375 3226 aeque
1420 3143 1675 3208 videtur
1720 3164 1952 3207 sonare
1999 3165 2144 3207 cum
2188 3143 2398 3228 prima
2455 3144 2620 3210 sicut
2647 3143 2821 3236 ‘uni-

280 3274 494 3317 sonus
572 3251 759 3318 Unde
792 3252 848 3316 si
878 3252 975 3316 vir
1006 3272 1151 3316 cum
1180 3272 1381 3334 puero
1412 3251 1665 3335 psallat,
1714 3252 1783 3315 in
1825 3251 2099 3316 unisono
2145 3252 2445 3315 videntur
2491 3256 2556 3316 et
2600 3256 2819 3317 tamen

280 3364 430 3424 sunt
472 3360 565 3424 111·
597 3365 840 3425 octava.
936 3358 1177 3436 Quinta
1230 3380 1384 3424 vero
1440 3359 1495 3423 si
1552 3364 1970 3446 augmentum
2025 3358 2131 3423 vel
2185 3359 2664 3424 decrementum
2718 3381 2821 3424 re-

246 3469 480 3552 ·cipiat
538 3466 891 3549 semitonii,
951 3467 1057 3532 vel
1106 3467 1178 3531 in
1230 3471 1449 3531 sextae
1505 3467 1739 3531 transit
1793 3467 2258 3550 proprietatem
2312 3466 2417 3530 vel
2468 3466 2538 3531 in
2593 3466 2822 3532 tritoni

246 3577 583 3641 -duritiem
616 3598 688 3641 ac
722 3576 1219 3659 discrepantiam
1264 3575 1675 3656 convertitur,
1726 3597 1863 3658 qua·
1895 3578 2161 3658 propter
2203 3573 2492 3657 perfecta
2538 3575 2814 3658 quidem,

281 3685 395 3748 sed
424 3705 556 3748 non
599 3688 672 3748 ut
716 3688 961 3748 octava.
1039 3682 1221 3747 Alias
1268 3687 1483 3746 autem
1530 3682 1816 3747 rationes
1861 3681 2353 3746 mathematicas
2398 3681 2467 3745 in
2511 3680 2818 3747 theoricis

281 3792 585 3874 dicemuS,
635 3813 792 3875 quas
824 3791 1092 3874 practici
1134 3813 1265 3855 non
1311 3791 1586 3854 multum
1618 3794 1951 3872 curarent,
1997 3790 2054 3854 si
2097 3789 2203 3854 hic
2247 3810 2652 3873 poneremus,
2699 3811 2821 3854 nec

282 3901 478 3964 etiam
521 3899 808 3983 recipere
852 3897 1235 3983 potuissent,
1297 3898 1600 3982 quoniam
1646 3901 1978 3981 oporteret
2020 3897 2168 3961 illos
2212 3896 2390 3981 prius
2450 3897 2613 3962 scire
2669 3919 2820 3981 pro-

279 4007 610 4090 portiones
659 4011 724 4072 et
766 4005 1423 4090 proportionalitates.
1514 4006 1894 4070 Assentiant
1941 4004 2138 4090 igitur
2193 4003 2553 4069 rationibus
2609 4003 2816 4087 dictis,

457 4252 474 4286 ¹
509 4250 651 4303 Inst.
674 4249 819 4302 Mus.
845 4249 889 4315 Ι,
910 4249 943 4302 3
964 4247 1360 4315 (Friedlein,
1387 4266 1442 4317 p.
1465 4249 1582 4314 191,
1605 4251 1755 4312 3-4)
1776 4265 1829 4301 11.
1851 4248 1896 4314 Ι,
1916 4245 1950 4300 8
1976 4245 2371 4313 (Friedlein‚
2397 4263 2454 4314 p.
2475 4245 2591 4312 195,
2615 4247 2816 4309 6—10).

452 4336 475 4372 ²
511 4334 639 4404 Vgl.
678 4334 911 4388 Pietro
949 4337 1153 4403 Aron,
1191 4335 1491 4389 Lucidario
1527 4335 1636 4401 ΙΙΙ,
1673 4333 1770 4389 fol.
1797 4333 1936 4389 18b.

452 4421 483 4455 *
518 4420 739 4476 Debilis
779 4423 838 4476 et
874 4421 1183 4477 admodum
1220 4436 1458 4477 erronea
1493 4421 1657 4476 ratio.

452 4507 517 4542 *³¹³
554 4507 761 4562 Melius
802 4511 905 4576 est,
941 4525 1048 4578 per
1082 4508 1465 4563 mutationem
1501 4507 1797 4563 semitonii
1832 4507 1895 4561 in
1932 4510 2134 4562 tonum
2170 4506 2262 4560 vel
2313 4522 2342 4560 e
2389 4519 2665 4559 converso
2701 4519 2816 4557 non

276 4597 507 4649 mutant
544 4595 980 4650 consonantiam
990 4613 1002 4661 ;
1040 4613 1174 4649 nam
1206 4594 1381 4649 tertia
1411 4611 1516 4664 per
1540 4593 1900 4649 additionem
1924 4595 2016 4648 vel
2043 4591 2498 4654 subtractionem
2523 4587 2819 4644 semitonii

276 4681 564 4752 redigitur
598 4682 660 4736 in
697 4683 963 4750 quartam
998 4681 1094 4737 vel
1127 4682 1188 4737 in
1226 4682 1552 4736 secundam.
