3592 5509
1377 342 1807 406 ..17—

325 515 716 599 pronuntiet,
766 515 992 600 quinta
1034 520 1389 600 paraneten
1422 516 1948 601 diezeugmenon,
1998 515 2134 580 sive
2178 520 2363 582 netes
2394 538 2859 601 synemmenon

326 645 556 687 sonum
587 623 859 707 emittat,
903 623 1211 708 diapason
1261 627 1325 688 et
1356 624 1655 708 diapente
1698 646 1933 689 sonans
1980 645 2125 689 cum
2154 625 2379 708 prima.
2456 624 2594 690 Nec
2638 630 2859 692 tamen

325 732 448 795 hoc
496 731 573 796 de
618 732 1005 796 necessitate
1051 731 1141 796 fit.
1232 731 1398 797 Aliis
1455 733 1627 796 enim
1655 733 1888 818 'modis
1935 732 2203 797 diversis
2263 733 2681 812 concorditer·
2726 734 2856 798 dis-

324 839 478 922 poni
534 843 837 923 possunt,
897 843 972 903 ut
1023 841 1234 924 prima
1290 839 1376 904 sit
1430 840 2142 924 proslambanomenoS,
2204 842 2483 905 secunda
2542 840 2853 924 lichanoS,

325 947 520 1010 tertia
561 968 738 1011 mese
788 952 852 1011 et
897 947 1064 1012 aliae
1111 947 1293 1026 alibi,
1354 952 1418 1012 et
1460 947 1625 1013 istae
1671 947 1971 1012 similiter
2016 947 2173 1013 alibi
2216 949 2417 1014 locari
2461 953 2732 1033 possunt
2776 949 2858 1013 ad

325 1054 663 1119 arbitrium
693 1054 1029 1138 pulsantis.
1109 1055 1238 1120 Sed
1270 1055 1420 1140 quia
1463 1054 1588 1121 hoc
1631 1077 1804 1120 nunc
1833 1057 2042 1143 magis
2088 1058 2155 1120 in
2184 1078 2306 1120 usu
2352 1062 2468 1142 est,
2516 1058 2609 1122 sic
2638 1059 2855 1143 potius

321 1161 671 1244 posuimus
1923 1150 1927 1156 ¹

495 1270 571 1334 In
639 1270 782 1335 aliis
845 1293 998 1336 vero
1063 1271 1534 1349 instrumenti8‚
1614 1295 1776 1356 quae
1840 1272 2073 1356 spiritu
2131 1278 2388 1352 sonant,
2460 1273 2856 1339 calamorum

324 1378 680 1462 amplitudo
727 1381 1077 1444 secundum
1109 1381 1412 1463 superius
1449 1381 1665 1445 datam
1699 1381 2186 1465 proportionem
2233 1403 2503 1446 acumen
2546 1382 2744 1447 faciet
2792 1387 2856 1446 et

323 1491 462 1568 (pag.
501 1491 583 1568 15)
630 1489 1034 1573 gravitatem.
1114 1488 1341 1572 Itaque
1389 1488 1637 1572 calami,
1689 1490 1799 1573 qui
1843 1489 1912 1552 in
1958 1489 2153 1572 duplo
2200 1488 2441 1555 fuerint
2486 1490 2851 1574 ampliores,

323 1597 633 1683 diapason
693 1597 953 1682 gravius
1021 1601 1278 1680 sonent,
1359 1601 1424 1661 et
1491 1596 1603 1661 alii
1673 1597 2044 1661 intermedii
2118 1599 2468 1662 secundum
2542 1591 2897 1665 maiorem'

321 1705 716 1770 minoremve
781 1705 1154 1791 grossitiem
1212 1705 1543 1791 graviores
1607 1706 2007 1770 acutioresve
2070 1727 2265 1771 sonos
2336 1707 2642 1790 efficient,
2702 1708 2854 1771 dum

272 1861 274 1863 >
320 1816 538 1877 tamen
597 1818 921 1897 apertura,
992 1814 1105 1879 ubi
1164 1816 1464 1879 causatur
1525 1835 1720 1879 sonus
1740 1864 1756 1895 ,
1828 1819 1894 1878 et
1949 1814 2341 1900 longitudini
2404 1819 2468 1879 et
2525 1815 2853 1902 grossitiei

321 1921 837 2005 correspondeat.
931 1920 1097 1986 Sunt
1155 1925 1220 1986 et
1262 1921 1518 1986 fistulae
1567 1926 1632 1986 et
1675 1922 2045 2004 sambucae,
2105 1923 2174 1986 in
2221 1921 2455 2007 quibus
2507 1923 2847 2008 longitudo

318 2029 476 2094 facit
521 2029 980 2108 differ'entiam3
1035 2052 1186 2094 nam
1240 2030 1442 2094 istae¹
1489 2030 1720 2094 saltem
1777 2034 1924 2095 octo
1969 2029 2395 2096 foraminibus
2453 2031 2846 2114 aperiuntur,

320 2141 391 2200 ut
437 2136 658 2222 digitis
703 2125 920 2202 omnia
953 2137 1206 2220 possint
1250 2137 1559 2203 obturari.
1638 2137 1807 2202 Nam
1854 2138 1909 2201 si
1952 2137 2139 2222 plura
2171 2141 2405 2222 essent,
2454 2141 2566 2202 aut
2610 2138 2851 2201 frustra
2928 2209 2931 2214 ,

322 2250 553 2327 essent,
618 2245 769 2329 quia
813 2244 1027 2310 claudi
1068 2269 1200 2311 non
1241 2230 1510 2329 possent
1551 2234 1881 2328 inferiora,
1939 2250 2051 2310 aut
2095 2247 2428 2330 superiora
2488 2245 2853 2330 discoperta

318 2357 655 2418 manerent
701 2358 766 2418 et
805 2376 1050 2436 sonum,
1102 2376 1293 2438 quem
1337 2377 1468 2418 non
1498 2353 1831 2442 vellemus,
1880 2354 2268 2418 emitterent.
2348 2353 2605 2432 Quanto
2650 2355 2853 2440 igitur

316 2459 636 2525 foramina
664 2462 873 2546 magis
906 2462 988 2526 ad
1018 2462 1331 2526 orificium
1366 2463 1696 2546 accedunt,
1742 2467 1926 2527 tanto
1963 2485 2156 2528 sonos
2187 2464 2465 2528 reddunt
2498 2459 2850 2549 gravioreS‚

320 2573 384 2632 et
451 2574 691 2653 quanto
759 2570 840 2633 ad
907 2591 980 2634 os
1055 2570 1373 2653 pulsantis
1439 2571 1648 2656 magis
1724 2570 2272 2655 appropinquant,
2348 2574 2533 2635 tanto
2602 2571 2851 2636 acutius

317 2676 614 2742 clamant.
694 2676 823 2741 Sed
869 2678 924 2742 si
968 2677 1467 2762 uniuscuiusque
1513 2678 1847 2743 foraminis
1888 2679 2203 2744 medietas
2250 2679 2455 2764 digito
2494 2677 2848 2762 claudatur,

317 2787 732 2853 semitonium
785 2788 942 2854 facit
999 2789 1081 2852 ad
1139 2791 1344 2853 totam
1394 2794 1778 2873 aperturam.
1874 2788 2040 2854 Sunt
2086 2793 2152 2852 et
2208 2787 2336 2852 alia
2380 2786 2845 2869 huiuscemodi,

318 2895 570 2960 diversa
627 2902 872 2976 tamen,
944 2898 1286 2982 quoniam2
1351 2903 1628 2982 quatuor
1696 2901 1951 2962 tantum
2006 2896 2326 2961 foramina
2400 2918 2545 2960 cum
2605 2895 2849 2960 orificio

315 3010 542 3069 tenent
598 3011 664 3070 et
719 3005 852 3069 illis
913 3010 1188 3090 quatuor
1233 3005 1678 3090 quemcunque
1733 3009 1993 3070 cantum
2048 3005 2119 3069 in
2180 3004 2471 3068 acumine
2529 3008 2594 3068 et
2637 3004 2867 3089 gravi-v

315 3119 450 3178 tate
511 3114 1088 3198 comprehendunt,
1156 3117 1325 3200 quod
1393 3115 1672 3179 maxime
1730 3114 2097 3178 mirandum
2158 3119 2271 3177 est.
2381 3111 2511 3177 Sed
2566 3111 2691 3177 hoc
2755 3113 2844 3195 fit,

317 3223 467 3306 quia
511 3221 802 3287 foramen
845 3224 1020 3287 idem
1065 3245 1294 3288 sonum
1339 3224 1638 3307 diapente
1688 3227 1753 3286 et
1800 3243 2029 3285 sonum
2060 3220 2369 3304 diapason
2418 3225 2483 3285 et
2511 3221 2847 3305 utriusque

319 3336 382 3395 et
425 3331 841 3415 bisdiapason
895 3332 1015 3396 sub
1049 3335 1160 3396 aut
1190 3353 1382 3415 supra
1425 3334 1645 3414 potest
1686 3330 1901 3395 facere
1950 3333 2014 3394 et
2057 3328 2199 3408 hoc,
2250 3329 2304 3392 si
2350 3327 2615 3411 spiritus
2664 3328 2849 3392 emit-

315 3439 473 3502 titur
515 3440 586 3503 in
633 3439 827 3522 duplo
873 3439 977 3504 vel
1029 3441 1097 3504 in
1142 3439 1338 3523 triplo
1386 3443 1497 3503 aut
1551 3438 1620 3502 in
1667 3437 2025 3522 quadruplo
2071 3435 2176 3500 vel
2219 3437 2288 3500 in
2341 3435 2566 3500 trienti
2579 3441 2620 3499 ³.
2719 3435 2866 3500 Sed·

317 3548 392 3611 de
459 3546 562 3611 his
624 3547 882 3631 quidem
941 3547 1387 3612 instrumentis
1452 3547 1714 3631 plenam
1775 3545 2076 3610 notitiam
2137 3540 2579 3608 desiderantes
2641 3547 2706 3608 et
2770 3544 2847 3608 de

317 3676 538 3719 eorum
566 3655 1013 3720 inventoribus
1048 3653 1449 3741 qualiterque
1493 3655 1574 3720 ad
1604 3652 2071 3738 perfectionem
2101 3651 2417 3735 paulatim
2450 3651 2844 3733 devenerint,

314 3762 822 3845 speculationem
885 3785 1000 3827 seu
1052 3763 1409 3828 theoricam
1465 3766 1755 3827 nostram
1821 3761 2175 3845 inquirant,
2245 3759 2315 3823 in
2374 3780 2501 3843 qua
2558 3759 2725 3823 mira
2784 3763 2849 3823 et

490 4041 508 4076 ¹
541 4037 672 4093 ista.

484 4125 508 4161 2
543 4124 593 4177 A
629 4123 699 4178 80
735 4142 847 4193 quo
883 4142 1032 4178 nam.
1187 4186 1192 4200 Ι
1697 4191 1702 4195 .

483 4211 508 4250 ³
542 4210 656 4265 Der
706 4210 836 4268 Satz
888 4211 968 4266 ist
1019 4230 1131 4266 nur
1183 4211 1420 4281 richtig,
1495 4228 1662 4265 wenn
1721 4227 1855 4264 man
1910 4208 2215 4274 annimmt,
2275 4208 2386 4262 dass
2439 4207 2632 4262 Ramis
2681 4208 2847 4262 nicht

309 4313 442 4350 vom
481 4295 782 4353 Grundton
829 4299 1093 4368 ausgeht‚
1143 4299 1368 4353 worauf
1409 4297 1555 4352 auch
1604 4297 1696 4352 die
1735 4297 1935 4351 Worte
1982 4297 2082 4350 sub
2116 4301 2213 4350 aut
2245 4313 2419 4364 supra
2452 4294 2847 4350 hinzuweisen

311 4383 601 4439 scheinen.
661 4384 766 4440 Bei
803 4385 963 4440 einer
998 4385 1225 4440 offenen
1263 4384 1449 4439 Rohre
1487 4384 1596 4438 mit
1631 4385 1762 4439 dem
1801 4381 2102 4438 Grundton
2140 4386 2185 4436 c'
2222 4381 2455 4436 konnen
2492 4399 2536 4434 z.
2564 4381 2625 4434 B.
2666 4381 2847 4435 durch

311 4469 594 4526 starkeres
621 4471 919 4526 Anblasen
955 4472 1224 4541 folgende
1263 4471 1551 4527 Obertone
1591 4470 1790 4526 erzielt
1826 4471 2080 4524 werden:
2123 4471 2199 4535 (ε’)
2225 4469 2285 4522 c''
2305 4469 2374 4537 9''
2402 4469 2481 4522 cm
2508 4469 2585 4521 em
2607 4469 2695 4538 ym
2728 4469 2845 4534 [hm]

309 4559 402 4610 c''''
438 4576 491 4611 u.
520 4577 564 4612 s.
589 4576 656 4612 w.
717 4559 822 4613 Bei
859 4559 1020 4614 einer
1055 4559 1331 4628 langeren
1359 4557 1546 4612 Rohre
1571 4575 1684 4612 von
1712 4573 1890 4627 enger
1914 4555 2150 4610 Mensur
2186 4554 2466 4623 sprechen
2494 4554 2595 4608 der
2621 4552 2847 4608 Grund-

309 4646 414 4698 ton
450 4646 568 4700 und
607 4645 700 4700 die
737 4646 1258 4706 erstenObertbne
1295 4645 1580 4702 schwerer
1615 4662 1706 4700 an.

412 4747 612 4791 Beihefte
639 4751 717 4792 der
741 4751 860 4794 me.
902 4751 958 4794 H.
2397 4745 2431 4798 2
