3592 5509
1735 393 2159 457 „42-

683 567 869 653 ponit
915 572 980 633 et
1020 568 1217 633 molle
1264 572 1454 653 atque
1501 567 1813 651 naturale,
1861 567 2055 653 longe
2099 566 2281 649 peius
2326 568 2685 653 cognovit¹.
2751 568 2927 631 Bene
2960 566 3219 651 quidem

683 676 751 740 in
797 698 912 741 suo
966 676 1402 742 monochordo
1447 698 1750 741 numeros
1796 674 2161 760 assumpsit,
2224 675 2373 760 quia
2430 676 2706 759 eosdem,
2770 698 2931 760 quos
2985 676 3055 739 in
3100 696 3218 739 suo

682 785 1040 863 Boetius,
1110 785 1312 869 ponit.
1425 785 1879 851 Differentiam
1939 788 2159 851 tamen
2210 782 2391 849 illam
2448 783 2775 849 semitonii
2843 784 3035 869 [eum]
3086 804 3221 849 non

684 894 765 958 ab
809 892 944 977 illo,
1003 894 1118 959 sed
1185 895 1266 959 ab
1335 893 1551 979 aliquo
1605 894 1868 963 indocto
1923 915 2070 960 reor
2124 893 2464 979 accepisse.
2568 892 2699 959 Sed
2763 891 2925 957 mihi
2992 892 3069 956 de
3140 913 3219 956 eo

684 1001 915 1086 dicere,
966 1002 1135 1087 quod
1180 1001 1383 1068 frater
1425 1003 1466 1068 J
1477 1003 1831 1069 ohannes
1870 1001 2457 1067 carthusiensis
2505 1002 2583 1067 de
2630 999 2961 1067 Marcheto
3004 1000 3219 1064 dicere

681 1109 910 1175 solitus
959 1115 1071 1175 est.
1163 1111 1222 1175 A
1267 1110 1484 1177 seculo
1529 1133 1661 1176 non
1709 1116 1809 1176 est
1854 1111 2141 1177 auditum
2202 1109 2439 1195 triplex
2483 1132 2723 1195 ponere
2770 1108 3217 1175 semitonium:

683 1217 1146 1286 chromaticum
1192 1218 1455 1303 scilicet,
1509 1219 1997 1287 enharmonium
2044 1223 2236 1304 atque
2284 1219 2705 1301 diatonicum,
2758 1218 2934 1303 quia,
2983 1221 3057 1283 ut
3104 1217 3216 1299 ait,

685 1327 826 1411 quis
891 1350 1196 1412 umquam
1253 1328 1498 1393 audivit
1563 1330 1645 1395 ab
1708 1329 1926 1414 aliquo
1980 1351 2131 1394 vero
2193 1328 2455 1394 doctore
2518 1328 2754 1412 triplex
2816 1308 2967 1391 esse·
3024 1324 3220 1391 semi-

681 1433 931 1499 tonium
997 1434 1123 1500 nisi
1185 1436 1265 1501 ab
1324 1437 1453 1501 isto
1513 1436 1929 1503 marchetista
1948 1441 1989 1503 2.
2097 1436 2326 1503 Frater
2390 1437 2431 1502 J
2442 1436 2805 1502 ohannes
2868 1434 3217 1519 Hothby,

683 1543 892 1626 cred0,
943 1544 1024 1609 ab
1069 1545 1211 1629 ipso
1260 1545 1509 1630 aliquot
1566 1544 2055 1612 fundamentum
2114 1545 2549 1629 assumpserit.
2646 1542 2776 1610 Sed
2818 1565 2951 1610 non
2994 1543 3216 1625 miror,

683 1650 834 1735 quia
895 1674 1136 1737 sequax
1192 1652 1395 1718 Guid
1414 1654 1584 1719 onis
1643 1658 1756 1721 est.
1848 1654 1990 1740 Ego
2050 1654 2219 1719 enim
2275 1658 2468 1737 caput
2521 1658 2853 1719 conterere
2920 1650 3088 1734 vo10,
3146 1655 3223 1715 ut

681 1779 914 1844 corpus
953 1759 1128 1827 istud
1172 1762 1240 1826 in
1288 1762 1609 1828 erroribus
1655 1760 2077 1829 constitutum
2123 1762 2395 1827 cadaver
2437 1761 2567 1827 iam
2612 1760 2734 1828 fiat
2776 1782 2897 1827 nec
2940 1760 3221 1844 amplius

679 1868 894 1935 vivere
939 1869 1164 1953 possit.

854 1978 1200 2044 Praeterea
1243 1978 1367 2044 iste
1413 1980 1726 2067 magister
1787 1980 2195 2046 Osmensis
2248 1979 2379 2045 iam
2434 1980 2754 2067 allegatus
2801 1978 2984 2045 dicit:
3049 1979 3217 2043 istae

680 2091 813 2151 tres
856 2087 1287 2171 proprietates
1332 2088 1580 2154 scilicet
1625 2079 1652 2167 H
1705 2089 1951 2174 durum,
2000 2074 2031 2154 b
2071 2088 2267 2156 molle
2325 2093 2391 2154 et
2432 2094 2663 2155 natura
2718 2089 2811 2153 sic
2856 2110 2924 2153 se
2970 2086 3223 2152 habent

681 2194 848 2260 sicut
891 2194 1006 2259 illa
1051 2196 1176 2261 tria
1219 2219 1460 2283 genera
1513 2198 1846 2279 melorum,
1912 2222 2075 2283 quae
2133 2203 2460 2282 ponuntur
2518 2222 2557 2263 a
2609 2196 2890 2263 Boetio
2938 2195 3213 2261 scilicet:

682 2304 1091 2384 diatonicum,
1169 2304 1634 2372 chromaticum
1711 2312 1775 2372 et
1844 2307 2348 2391 enharmonium,
2428 2306 2731 2393 quoniam
2800 2304 3214 2387 diatonicum,

685 2413 855 2497 quod
901 2412 1370 2498 aliquantulum
1419 2415 1636 2481 durius
1684 2421 1799 2498 est,
1850 2408 2069 2501 dicite}
2113 2417 2408 2501 quadrati
2452 2415 2939 2482 similitudinem
2970 2418 3211 2494 tenere,

679 2519 1168 2587 enharmonium
1237 2544 1407 2602 vero,
1475 2525 1646 2609 quod
1699 2526 1910 2612 magis
1966 2526 2048 2591 ad
2106 2526 2303 2591 molle
2360 2529 2729 2609 coaptatum
2787 2528 2901 2606 est,
2978 2508 3213 2587 bmolli

685 2634 1035 2713 comparat,
1093 2630 1556 2697 chromaticum
1614 2655 1786 2717 vero,
1850 2635 2020 2719 quod
2063 2636 2233 2700 inter
2285 2638 2627 2719 utrumque
2670 2620 2953 2697 medium
3012 2634 3208 2713 tenet,

677 2741 945 2803 naturae
991 2738 1343 2826 imaginem
1389 2746 1620 2807 servat.
1711 2743 1852 2808 Hoc
1885 2747 2101 2808 autem
2133 2742 2280 2827 iam,
2331 2766 2475 2808 cum
2504 2743 2573 2806 in
2603 2740 2816 2823 studio
2847 2740 3210 2826 legeremus

683 2845 1108 2933 Salmantino,
1167 2854 1508 2934 praesente
1589 2855 1654 2916 et
1720 2856 1938 2917 coram
2006 2874 2082 2918 eo
2152 2850 2597 2938 redarguimus
2668 2854 2733 2915 et
2787 2850 2853 2915 in
2907 2852 3205 2929 tractatu,

679 2977 870 3040 quem
924 2956 1017 3021 ibi
1074 2957 1142 3021 in
1204 2957 1325 3023 hac
1382 2958 1693 3025 facultate
1754 2961 1981 3047 lingua
2031 2965 2325 3026 materna
2392 2958 2883 3044 composuimus,
2952 2956 3081 3040 ipsi
3140 2956 3209 3019 in

686 3064 984 3129 omnibus
1056 3067 1556 3133 contradiximus
1627 3069 1806 3150 adeo,
1875 3074 1949 3135 ut
2005 3070 2143 3154 ipse
2198 3070 2337 3135 viso
2394 3073 2459 3134 et
2514 3068 2876 3134 examinato
2929 3069 3210 3131 tractatu

859 3408 877 3443 1
915 3405 1148 3475 Hothby
1189 3406 1406 3463 erklart
1441 3408 1502 3465 in
1541 3410 1642 3464 der
1677 3410 1972 3477 &citatim
2021 3408 2134 3464 dass
2174 3425 2234 3464 er
2282 3409 2375 3464 die
2413 3408 2703 3463 Halbtone
2753 3410 3013 3463 benannt
3058 3395 3208 3461 habe

681 3491 830 3545 nach
877 3492 990 3547 den
1038 3492 1480 3563 Hexachorden‚
1532 3496 1593 3551 in
1641 3497 1829 3551 denen
1876 3497 1959 3552 sie
2010 3496 2135 3551 sich
2181 3496 2390 3551 finden.
2463 3495 2550 3551 Da
2594 3513 2728 3550 man
2775 3513 2893 3549 nun
2941 3493 3034 3548 die
3083 3494 3208 3549 drei

671 3578 1028 3648 proprietates
1063 3586 1282 3635 cantus:
1329 3588 1549 3651 natura,
1588 3571 1788 3647 bmolle
1825 3584 1947 3638 und
1981 3573 2303 3664 &quadrum
2338 3586 2457 3638 bez.
2488 3572 2736 3662 hdurum
2780 3580 3206 3649 unterscheide‚

677 3682 739 3720 so
775 3665 1007 3721 konnen
1043 3669 1192 3722 auch
1229 3670 1654 3739 entsprcchend
1692 3670 1784 3726 die
1823 3670 2117 3725 Halbtone
2154 3670 2494 3725 bezeichnet
2529 3670 2786 3738 werden,
2834 3668 2943 3723 wie
2979 3686 3112 3723 man
3142 3668 3210 3737 ja

677 3751 772 3806 ein
808 3752 982 3820 Haus‚
1025 3754 1124 3809 das
1163 3772 1264 3809 aus
1301 3755 1544 3811 weissem
1581 3756 1851 3813 Material
1887 3756 2223 3827 ausgeffihrt
2260 3756 2369 3824 sei,
2422 3756 2516 3811 ein
2553 3755 2767 3810 weisses
2805 3755 2962 3809 Haus
2999 3772 3207 3809 nenne.

674 3838 839 3925 Agmh
878 3838 970 3893 die
1007 3840 1278 3910 folgende
1317 3842 1730 3912 Behauptung,
1779 3860 1841 3898 er
1886 3844 2036 3898 habe
2085 3843 2177 3897 die
2218 3843 2431 3898 Zahlen
2478 3843 2608 3897 dem
2646 3842 2881 3896 Boetius
2922 3840 3205 3909 entlehnt,

675 3925 844 3979 weist
889 3942 950 3981 er
996 3928 1222 3981 zuriick.
1296 3928 1467 3982 Wohl
1507 3928 1734 3984 stimme
1785 3947 1847 3984 er
1890 3930 1999 3985 mit
2034 3930 2258 3999 jenem,
2305 3947 2421 3983 was
2471 3930 2570 3983 das
2618 3928 3038 3983 chromatische
3088 3929 3209 3982 und

675 4012 1148 4069 enharmoniscbe
1175 4012 1524 4071 Geschlecht
1559 4016 1893 4085 anbetreffe,
1930 4016 2185 4073 fiberein.
2246 4014 2638 4070 Hinsichtlich
2676 4016 2775 4069 des
2805 4013 3207 4069 diatonischen

671 4098 821 4154 habe
861 4116 921 4153 er
957 4102 1177 4157 sowohl
1213 4103 1361 4157 nach
1399 4103 1500 4157 der
1535 4102 1700 4158 Hohe
1738 4104 1823 4159 als
1862 4104 2008 4158 auch
2046 4103 2195 4158 nach
2234 4103 2335 4159 der
2370 4102 2530 4157 Tiefe
2569 4121 2637 4156 zu
2673 4103 2933 4157 mehrere
2960 4100 3207 4167 (Zahlen)

673 4184 1076 4257 hinzugeftigt‚
1127 4187 1201 4243 da
1248 4188 1373 4244 sein
1420 4190 1772 4245 Monochord
1819 4190 1982 4245 mehr
2024 4190 2180 4245 Tone
2228 4188 2505 4245 enthalte.
2579 4188 2717 4243 Was
2762 4189 2862 4243 die
2912 4188 3208 4243 Halbtone

553 4339 558 4345 ι
675 4272 1008 4343 anbetreffe,
1047 4292 1108 4329 so
1148 4276 1311 4331 stehe
1351 4292 1412 4331 er
1447 4276 1610 4331 nicht
1645 4296 1744 4346 an,
1783 4279 1930 4333 statt
1967 4278 2067 4334 der
2102 4278 2518 4347 angegebenen
2554 4277 2588 4330 3
2626 4276 2800 4331 deren
2836 4276 2871 4329 5
2906 4294 2974 4329 zu
3012 4278 3211 4329 unter-

677 4358 966 4414 scheiden.
1039 4360 1133 4427 (Er
1168 4362 1376 4417 nimmt
1410 4363 1582 4418 hinzu
1620 4364 1713 4419 die
1751 4365 2040 4419 Halbtone
2078 4366 2181 4418 16:
2210 4364 2275 4417 17
2312 4364 2433 4419 und
2477 4364 2581 4417 17:
2610 4362 2691 4417 18.
2770 4361 3023 4429 [Boetius
3062 4363 3211 4416 Inst.

675 4445 818 4500 Mus,
846 4452 885 4515 I,
925 4448 1048 4514 16.])
1133 4448 1301 4504 Seine
1338 4450 1519 4505 Lehre
1565 4468 1677 4506 von
1726 4452 1838 4506 den
1876 4452 2208 4507 Halbtonen
2255 4452 2440 4507 stiitze
2488 4448 2610 4504 sich
2657 4450 2761 4504 auf
2800 4449 3039 4504 Boetius
3090 4450 3213 4503 und

673 4531 837 4587 nicht
871 4534 978 4588 auf
1005 4536 1348 4591 Marchetus.

845 4622 868 4659 2
902 4622 1031 4692 Vgl.
1070 4622 1102 4675 J
1115 4624 1356 4680 oannis
1386 4624 1646 4679 Gallici
1681 4624 1825 4680 dicti
1849 4625 2273 4681 Carthusiensis
2300 4644 2402 4681 seu
2427 4626 2497 4680 de
2523 4625 2761 4679 Mantua
2784 4625 2947 4679 Ritus
2970 4626 3216 4679 canendi

673 4709 1068 4769 vetustiss‘hnus
1111 4716 1160 4769 et
1191 4730 1384 4783 nova-3,
1432 4710 1530 4768 lib.
1557 4712 1660 4783 III,
1709 4728 1831 4785 cap.
1859 4715 1889 4768 1
1926 4712 2408 4783 (Coussemake
2425 4732 2475 4783 r,
2512 4711 2835 4785 Scriptores
2872 4710 2977 4781 IV,
3013 4712 3209 4777 32810).
