3592 5509
1825 372 2255 471 -305-

777 543 1163 610 semiditono
1203 545 1492 611 ditonum
1541 548 1606 610 et
1650 545 1728 609 de
1776 544 2000 611 ditono
2046 545 2504 612 semiditonum
2551 550 2617 611 et
2661 546 2740 611 de
2788 546 2933 611 aliis
2978 546 3320 630 speciebus

778 652 1092 719 similiter.

949 760 1036 825 Et
1083 761 1174 827 sic
1218 762 1385 826 bene
1433 762 1671 843 dicunt,
1731 762 1883 845 quia
1943 763 2024 826 ad
2068 762 2332 827 modum
2376 762 2890 849 diezeugmenon
2943 765 3009 828 et
3054 783 3323 844 synem-

780 891 1019 934 menon
1042 868 1601 935 tetrachordorum
1633 891 1702 933 se
1724 868 1972 934 habent
2001 870 2127 934 ista
2157 868 2565 935 hexachorda
2596 870 2957 936 coniuncta.
3014 868 3323 934 Semotus

779 1002 816 1043 a
873 999 1028 1042 vera
1067 976 1464 1060 cognitione
1521 976 1928 1042 Johannes
1987 978 2381 1043 Tinctoris
2453 977 2545 1043 sic
2610 978 2726 1043 ait:
2800 976 3159 1043 Coniuncta
3220 980 3325 1040 est

777 1085 1018 1168 positio
1051 1083 1082 1145 V
1119 1089 1232 1149 aut
1259 1076 1294 1165 h
1327 1085 1397 1148 in
1440 1084 1584 1150 loco
1615 1084 1959 1170 irregulari
1975 1090 2014 1149 1.
2078 1086 2249 1151 Nam
2278 1086 2334 1150 si
2366 1085 2624 1172 signum
2654 1072 2689 1145 ἱ)
2723 1085 2940 1150 mollis
2968 1088 3327 1169 poneretur

772 1194 845 1256 in
873 1214 907 1256 c
927 1193 1232 1276 sol-fa-ut
1255 1192 1363 1260 vel
1389 1192 1458 1256 in
1503 1192 1631 1258 alio
1676 1192 1841 1276 1000,
1875 1193 1988 1258 ubi
2015 1194 2092 1277 fa
2124 1198 2315 1277 esset,
2356 1193 2802 1279 irregulariter
2834 1197 3005 1258 esset
3033 1193 3325 1277 positum

782 1312 1047 1379 (pag.·24)
1107 1305 1173 1366 et
1224 1305 1446 1365 tamen
1501 1301 1843 1366 coniuncta
1898 1322 2031 1367 non
2088 1306 2274 1384 esset,
2333 1302 2429 1367 ita
2474 1301 2530 1366 si
2582 1292 2616 1379 h}
2664 1302 2977 1385 quadrum
3036 1301 3150 1365 ubi
3202 1301 3321 1363 mi.

787 1407 975 1486 Quod
1017 1408 1073 1473 si
1117 1391 1152 1466 ἲ)
1195 1411 1475 1492 ponatur
1518 1410 1587 1473 in
1633 1410 1668 1471 b
1712 1410 1827 1493 mi,
1884 1410 2227 1475 coniuncta
2280 1408 2353 1474 fit
2408 1413 2473 1474 et
2516 1414 2738 1475 tamen
2789 1408 2970 1473 locus
3018 1411 3118 1472 est
3160 1407 3326 1471 irre-

777 1517 1021 1603 gularis
1051 1517 1254 1601 ipsius
1292 1504 1344 1600 b,
1396 1516 1503 1600 qui
1542 1521 1769 1582 octava
1816 1523 1915 1582 est
1960 1518 2040 1581 ad
2080 1506 2112 1581 b
2147 1518 2512 1583 rotundum.
2610 1516 2772 1581 Cum
2801 1516 3007 1602 igitur
3048 1516 3119 1580 in
3161 1516 3197 1578 b
3228 1517 3329 1578 mi

779 1626 854 1709 fa
896 1629 1191 1708 ponatur,
1251 1629 1481 1689 octavo
1526 1624 1670 1690 loco
1731 1648 1768 1689 a
1825 1626 1918 1709 fa,
1978 1625 2149 1710 quod
2201 1625 2466 1709 ponitur
2517 1626 2585 1689 in
2643 1625 2797 1689 trite
2856 1645 3325 1709 synemmenon

781 1733 1091 1817 diapason
1136 1754 1446 1797 resonans
1493 1734 1998 1815 consonantiam,
2054 1738 2136 1797 ut
2183 1732 2455 1798 habebit
2510 1736 2576 1798 et
2618 1732 2901 1816 reliquas
2945 1752 3139 1797 voces
3184 1731 3324 1795 sin-

783 1840 970 1926 gulas
1031 1840 1302 1925 singulis
1357 1839 1698 1905 referendo
1762 1842 1832 1904 in
1888 1838 2198 1924 diapason
2253 1840 2675 1906 consonantia
2733 1862 2879 1905 cum
2938 1839 3083 1904 aliis
3144 1861 3325 1903 reso-

779 1951 1028 2012 nantes,
1137 1946 1320 2013 Sicut
1376 1948 1579 2034 igitur
1637 1954 1717 2013 ut
1773 1970 2239 2033 synemmenon
2302 1949 2383 2013 ab
2449 1954 2529 2013 ut
2586 1949 3097 2034 diezeugmenon
3164 1951 3323 2011 tono

779 2059 1149 2139 superatur,
1205 2055 1299 2120 ita
1353 2060 1434 2120 ut
1482 2054 1670 2120 istius
1731 2079 1768 2120 a
1836 2062 1895 2121 Γ
1919 2061 2000 2121 ut
2047 2060 2204 2121 tono
2263 2057 2528 2139 suberit,
2591 2057 2762 2140 quod
2818 2055 3183 2141 appellatur
3242 2056 3326 2119 ab

778 2163 939 2247 ipsis
983 2164 1345 2247 retropoliS,
1400 2164 1566 2247 quia,
1616 2185 1760 2228 cum
1813 2170 1871 2228 Γ
1895 2170 1975 2228 ut
2021 2164 2090 2229 in
2136 2164 2346 2249 capite
2391 2164 2646 2249 pollicis
2692 2164 3173 2248 superpositum
3216 2162 3321 2244 sit,

782 2274 956 2336 retro
1013 2270 1226 2357 ipsum
1285 2272 1353 2334 in
1410 2271 1620 2354 prima
1679 2272 1928 2337 scilicet
1982 2272 2286 2338 exteriori
2340 2274 2637 2338 iunctura
2694 2272 2881 2357 digiti
2934 2270 3200 2355 ponitur
3263 2275 3328 2335 et

782 2378 1075 2463 sequitur
1117 2380 1186 2443 in
1236 2384 1296 2443 Γ
1322 2385 1400 2443 ut
1439 2401 1524 2462 re,
1588 2380 1656 2444 in
1701 2401 1811 2444 are
1853 2382 1965 2462 mi,
2014 2380 2083 2445 in
2129 2382 2264 2445 bmi
2305 2381 2405 2464 fa,
2455 2382 2568 2445 sed
2618 2381 2687 2445 in
2731 2402 2765 2444 c
2785 2381 2969 2464 fa-ut
3007 2381 3102 2443 sol
3146 2384 3211 2443 et
3256 2378 3327 2442 in

780 2488 826 2550 d
851 2489 1044 2551 soh-re
1087 2488 1167 2551 la.
1261 2486 1368 2552 Sic
1419 2492 1483 2551 et
1528 2488 1609 2552 ad
1653 2489 1766 2570 mi,
1830 2489 1999 2571 quod
2042 2488 2305 2571 ponitur
2349 2490 2417 2553 in
2464 2510 2497 2552 c
2517 2489 2720 2572 fa-ut
2771 2487 3185 2568 elevandum,
3249 2492 3329 2550 ut

780 2595 1044 2678 ponitur
1087 2596 1154 2658 in
1201 2616 1340 2676 are,
1394 2600 1458 2659 et
1505 2594 1866 2679 completur
1908 2595 2082 2659 istud
2126 2594 2604 2660 hexachordum
2650 2597 2718 2660 in
2761 2596 3012 2680 ssa-ut.

1590 2896 2080 2978 capitulum
2132 2898 2508 2966 tertium.

1401 3065 1518 3137 De
1577 3068 2146 3139 coniuncturum
2202 3068 2626 3163 cognitione
2647 3062 2693 3135 ².

862 3249 1366 3317 ONIUNCTAE
1413 3255 1645 3334 autem,
1696 3273 1859 3335 quae
1906 3273 2023 3334 per
2066 3252 2480 3331 semitonium
2513 3273 2738 3316 vocem
2785 3276 2823 3316 a
2865 3251 3011 3317 loco
3057 3254 3323 3336 proprio

874 3361 1258 3444 deprimunt,
1294 3358 1703 3447 appellantur
1727 3358 1809 3423 ab
1838 3358 2000 3441 ipsis
2024 3359 2405 3423 coniunctae
2430 3344 2722 3437 &molliam
2758 3359 2872 3423 sed
2903 3382 3067 3444 quae
3095 3361 3326 3425 eodem

786 3469 1120 3534 elevantur
1150 3448 1514 3549 semitonio,
1550 3460 1580 3545 Π
1621 3465 1933 3550 quadrati.
2018 3466 2122 3530 Ad
2151 3467 2414 3531 brevem
2448 3470 2662 3532 autem
2695 3467 3323 3552 uniuscuiuscunque

785 3578 1166 3643 coniunctae
1213 3574 1652 3661 cognitionem
1697 3579 1777 3638 ut
1816 3573 1941 3639 hoc
1983 3574 2271 3656 interest,
2322 3580 2395 3639 ut
2439 3576 2701 3659 cognito
2747 3575 2892 3640 loco
2940 3576 3323 3641 coniunctae

784 3686 867 3751 ab
929 3684 1156 3749 eodem
1207 3666 1326 3767 per
1376 3683 1704 3747 iuncturas
1759 3682 2240 3747 retrocedamus
2302 3682 2616 3747 dicentes:
2671 3684 2765 3767 fa,
2812 3685 2924 3767 mi,
2971 3704 3057 3767 re,
3117 3690 3210 3765 ut,
3267 3684 3325 3748 si

782 3780 814 3857 b
851 3791 1083 3873 molliS,
1134 3795 1246 3856 aut
1280 3791 1393 3873 mvl,
1440 3812 1527 3873 re,
1574 3795 1666 3872 ut,
1717 3791 1771 3853 si
1804 3781 1837 3870 ξ
1874 3789 2188 3873 quadrati.
2280 3789 2467 3855 Unde
2502 3790 2611 3875 qui
2655 3791 2822 3856 bene
2870 3792 3107 3873 omnia,
3158 3814 3323 3875 quae

786 3902 956 3965 dicta
1001 3903 1167 3978 sunt,
1214 3897 1588 3981 inspexerit,
1645 3897 1867 3961 taliter
1917 3920 2181 3962 manum
2236 3898 2659 3981 compositam
2714 3904 2888 3963 recte
2936 3900 3319 3983 conspiciet:

785 4007 864 4072 In
922 4006 1266 4090 retropolis
1327 4005 1576 4070 scilicet
1627 4010 1730 4087 ut,
1792 4005 1861 4069 in
1923 4010 1981 4069 Γ
1978 4011 2057 4069 ut
2095 4010 2311 4089 utre,
2374 4006 2442 4069 in
2495 4028 2603 4069 are
2646 4012 2739 4089 ut,
2785 4028 2870 4089 re,
2918 4008 3029 4088 mi,
3078 4006 3148 4071 in
3193 4008 3329 4071 bmz·

783 4121 876 4192 ut,
923 4137 1008 4199 re,
1056 4116 1169 4192 mi,
1217 4114 1309 4197 fa,
1357 4113 1426 4177 in
1470 4134 1504 4177 c
1531 4114 1716 4197 fa-ut
1755 4136 1907 4178 vero
1952 4119 2047 4197 ut,
2092 4135 2177 4197 re,
2225 4116 2337 4197 mi,
2386 4114 2477 4197 fa,
2525 4116 2631 4196 sol,
2680 4115 2750 4178 in
2793 4116 2838 4177 d
2864 4116 3053 4178 sol-re
3097 4120 3189 4197 ut,
3236 4136 3321 4198 re,

959 4395 978 4430 1
1013 4391 1444 4459 Diffimitorium.
1508 4389 1637 4459 Vgl.
1667 4390 2186 4459 Coussemaker,
2215 4390 2537 4461 Scriptores
2563 4390 2655 4457 IV,
2684 4390 2842 4445 180b
2878 4409 2929 4444 u.
2959 4383 3026 4443 H.
3055 4390 3322 4448 Beller-

780 4495 1005 4545 mann,
1047 4476 1316 4532 ›Joannis
1342 4476 1630 4531 Tinctoris
1664 4476 2041 4532 terminorum
2065 4478 2317 4532 musicae
2346 4477 2778 4531 diffinitorium‹
2819 4478 2880 4530 in
2919 4477 3323 4547 Chrysander's

780 4564 1176 4619 Jahrbfiohern
1212 4564 1306 4617 fiir
1341 4558 1762 4620 musikalische'
1787 4564 2212 4618 Wissenschaft
2249 4565 2288 4631 Ι,
2315 4564 2397 4617 75.
2920 4556 2924 4561 ’

954 4650 977 4687 2
1010 4650 1595 4720 Kapitel·Abteilung
1629 4650 1738 4704 wie
1774 4637 2135 4706 Uberschrift
2170 4651 2333 4707 fehlt.
