<?xml version="1.0" encoding="UTF-8"?>
<!DOCTYPE html PUBLIC "-//W3C//DTD XHTML 1.0 Transitional//EN"
    "http://www.w3.org/TR/xhtml1/DTD/xhtml1-transitional.dtd">
<html xmlns="http://www.w3.org/1999/xhtml" xml:lang="en" lang="en">
 <head>
  <title>
</title>
<meta http-equiv="Content-Type" content="text/html;charset=utf-8" />
  <meta name='ocr-system' content='tesseract 3.04.00' />
  <meta name='ocr-capabilities' content='ocr_page ocr_carea ocr_par ocr_line ocrx_word'/>
</head>
<body>
  <div class='ocr_page' id='page_1' title='image "./musicapractican00wolfgoog_0076.png"; bbox 0 0 3592 5509; ppageno 0'>
   <div class='ocr_carea' id='block_1_1' title="bbox 1350 429 1775 494">
    <p class='ocr_par' dir='ltr' id='par_1_1' title="bbox 1350 429 1775 494">
     <span class='ocr_line' id='line_1_1' title="bbox 1350 429 1775 494; baseline 0 -16"><span class='ocrx_word' id='word_1_1' title='bbox 1350 429 1775 494; x_wconf 60' lang='lat'>„59-</span> 
     </span>
    </p>
   </div>
   <div class='ocr_carea' id='block_1_2' title="bbox 288 601 2902 4568">
    <p class='ocr_par' dir='ltr' id='par_1_2' title="bbox 289 601 2840 1227">
     <span class='ocr_line' id='line_1_2' title="bbox 292 601 2840 688; baseline 0 -21"><span class='ocrx_word' id='word_1_2' title='bbox 292 602 475 667; x_wconf 88' lang='lat' dir='ltr'><strong>coelo</strong></span> <span class='ocrx_word' id='word_1_3' title='bbox 524 601 900 667; x_wconf 75' lang='lat' dir='ltr'><strong>attribuitur</strong></span> <span class='ocrx_word' id='word_1_4' title='bbox 944 602 1204 666; x_wconf 88' lang='lat' dir='ltr'><strong>stellato</strong></span> <span class='ocrx_word' id='word_1_5' title='bbox 1265 602 1400 667; x_wconf 83' lang='lat' dir='ltr'><strong>sive</strong></span> <span class='ocrx_word' id='word_1_6' title='bbox 1454 601 1878 668; x_wconf 89' lang='lat' dir='ltr'><strong>firmamento.</strong></span> <span class='ocrx_word' id='word_1_7' title='bbox 1971 603 2140 668; x_wconf 87' lang='lat' dir='ltr'><strong>Nam</strong></span> <span class='ocrx_word' id='word_1_8' title='bbox 2195 602 2302 668; x_wconf 87' lang='lat' dir='ltr'><strong>hic</strong></span> <span class='ocrx_word' id='word_1_9' title='bbox 2355 604 2584 670; x_wconf 89' lang='lat' dir='ltr'><strong>modus</strong></span> <span class='ocrx_word' id='word_1_10' title='bbox 2647 625 2840 688; x_wconf 88' lang='lat' dir='ltr'><strong>super</strong></span> 
     </span>
     <span class='ocr_line' id='line_1_3' title="bbox 292 699 2840 794; baseline 0.001 -19"><span class='ocrx_word' id='word_1_11' title='bbox 292 731 516 776; x_wconf 89' lang='lat' dir='ltr'><strong>omnes</strong></span> <span class='ocrx_word' id='word_1_12' title='bbox 562 710 725 775; x_wconf 89' lang='lat' dir='ltr'><strong>alios</strong></span> <span class='ocrx_word' id='word_1_13' title='bbox 771 709 971 775; x_wconf 89' lang='lat' dir='ltr'><strong>habet</strong></span> <span class='ocrx_word' id='word_1_14' title='bbox 1034 711 1357 794; x_wconf 90' lang='lat' dir='ltr'><strong>quandam</strong></span> <span class='ocrx_word' id='word_1_15' title='bbox 1399 710 1665 775; x_wconf 88' lang='lat' dir='ltr'><strong>insitam</strong></span> <span class='ocrx_word' id='word_1_16' title='bbox 1718 699 2124 777; x_wconf 86' lang='lat' dir='ltr'><strong>dulcedinem</strong></span> <span class='ocrx_word' id='word_1_17' title='bbox 2179 733 2324 777; x_wconf 91' lang='lat' dir='ltr'><strong>cum</strong></span> <span class='ocrx_word' id='word_1_18' title='bbox 2389 699 2726 778; x_wconf 85' lang='lat' dir='ltr'><strong>venustate</strong></span> <span class='ocrx_word' id='word_1_19' title='bbox 2774 719 2840 778; x_wconf 88' lang='lat' dir='ltr'><strong>et</strong></span> 
     </span>
     <span class='ocr_line' id='line_1_4' title="bbox 289 817 2832 905; baseline -0 -22"><span class='ocrx_word' id='word_1_20' title='bbox 289 819 597 883; x_wconf 90' lang='lat' dir='ltr'><strong>immunis</strong></span> <span class='ocrx_word' id='word_1_21' title='bbox 645 823 743 884; x_wconf 90' lang='lat' dir='ltr'><strong>est</strong></span> <span class='ocrx_word' id='word_1_22' title='bbox 788 819 870 882; x_wconf 91' lang='lat' dir='ltr'><strong>ab</strong></span> <span class='ocrx_word' id='word_1_23' title='bbox 918 817 1215 882; x_wconf 89' lang='lat' dir='ltr'><strong>omnibus</strong></span> <span class='ocrx_word' id='word_1_24' title='bbox 1273 817 1693 902; x_wconf 90' lang='lat' dir='ltr'><strong>qualitatibus</strong></span> <span class='ocrx_word' id='word_1_25' title='bbox 1750 823 1817 882; x_wconf 93' lang='lat' dir='ltr'><strong>et</strong></span> <span class='ocrx_word' id='word_1_26' title='bbox 1875 819 2050 883; x_wconf 90' lang='lat' dir='ltr'><strong>omni</strong></span> <span class='ocrx_word' id='word_1_27' title='bbox 2109 820 2378 905; x_wconf 90' lang='lat' dir='ltr'><strong>negotio</strong></span> <span class='ocrx_word' id='word_1_28' title='bbox 2425 820 2832 885; x_wconf 77' lang='lat' dir='ltr'><strong>conveniens.</strong></span> 
     </span>
     <span class='ocr_line' id='line_1_5' title="bbox 294 925 2836 1012; baseline -0 -19"><span class='ocrx_word' id='word_1_29' title='bbox 294 927 438 993; x_wconf 80' lang='lat' dir='ltr'><strong>Gui</strong></span> <span class='ocrx_word' id='word_1_30' title='bbox 456 927 544 993; x_wconf 89' lang='lat' dir='ltr'><strong>do</strong></span> <span class='ocrx_word' id='word_1_31' title='bbox 606 931 671 992; x_wconf 89' lang='lat' dir='ltr'><strong>et</strong></span> <span class='ocrx_word' id='word_1_32' title='bbox 730 925 945 992; x_wconf 90' lang='lat' dir='ltr'><strong>Oddo</strong></span> <span class='ocrx_word' id='word_1_33' title='bbox 993 925 1230 990; x_wconf 81' lang='lat' dir='ltr'><strong>&#39;dicunt</strong></span> <span class='ocrx_word' id='word_1_34' title='bbox 1283 927 1497 1009; x_wconf 90' lang='lat' dir='ltr'><strong>ipsum</strong></span> <span class='ocrx_word' id='word_1_35' title='bbox 1541 925 1820 1012; x_wconf 87' lang='lat' dir='ltr'><strong>gloriam</strong></span> <span class='ocrx_word' id='word_1_36' title='bbox 1863 931 2352 1010; x_wconf 90' lang='lat' dir='ltr'><strong>repraesentare</strong></span> <span class='ocrx_word' id='word_1_37' title='bbox 2397 949 2518 992; x_wconf 88' lang='lat' dir='ltr'><strong>nec</strong></span> <span class='ocrx_word' id='word_1_38' title='bbox 2561 927 2836 992; x_wconf 90' lang='lat' dir='ltr'><strong>multum</strong></span> 
     </span>
     <span class='ocr_line' id='line_1_6' title="bbox 293 1033 2830 1117; baseline 0.001 -18"><span class='ocrx_word' id='word_1_39' title='bbox 293 1035 690 1107; x_wconf 86' lang='lat' dir='ltr'><strong>descendunt</strong></span> <span class='ocrx_word' id='word_1_40' title='bbox 733 1038 806 1097; x_wconf 90' lang='lat' dir='ltr'><strong>ut</strong></span> <span class='ocrx_word' id='word_1_41' title='bbox 851 1033 1104 1098; x_wconf 87' lang='lat' dir='ltr'><strong>dicunt:</strong></span> <span class='ocrx_word' id='word_1_42' title='bbox 1160 1056 1279 1117; x_wconf 88' lang='lat' dir='ltr'><strong>per</strong></span> <span class='ocrx_word' id='word_1_43' title='bbox 1324 1037 1574 1117; x_wconf 81' lang='lat' dir='ltr'><strong>septem</strong></span> <span class='ocrx_word' id='word_1_44' title='bbox 1630 1037 1878 1098; x_wconf 88' lang='lat' dir='ltr'><strong>aetates</strong></span> <span class='ocrx_word' id='word_1_45' title='bbox 1947 1033 2379 1099; x_wconf 82' lang='lat' dir='ltr'><strong>discurrentes</strong></span> <span class='ocrx_word' id='word_1_46' title='bbox 2439 1035 2830 1113; x_wconf 81' lang='lat' dir='ltr'><strong>laboramus,</strong></span> 
     </span>
     <span class='ocr_line' id='line_1_7' title="bbox 289 1141 2500 1227; baseline 0 -21"><span class='ocrx_word' id='word_1_47' title='bbox 289 1142 359 1206; x_wconf 91' lang='lat' dir='ltr'><strong>in</strong></span> <span class='ocrx_word' id='word_1_48' title='bbox 406 1146 636 1207; x_wconf 87' lang='lat' dir='ltr'><strong>octava</strong></span> <span class='ocrx_word' id='word_1_49' title='bbox 678 1163 831 1206; x_wconf 84' lang='lat' dir='ltr'><strong>vero</strong></span> <span class='ocrx_word' id='word_1_50' title='bbox 876 1141 1169 1227; x_wconf 90' lang='lat' dir='ltr'><strong>requiem</strong></span> <span class='ocrx_word' id='word_1_51' title='bbox 1216 1141 1298 1206; x_wconf 97' lang='lat' dir='ltr'><strong>ab</strong></span> <span class='ocrx_word' id='word_1_52' title='bbox 1345 1141 1643 1206; x_wconf 89' lang='lat' dir='ltr'><strong>omnibus</strong></span> <span class='ocrx_word' id='word_1_53' title='bbox 1686 1141 2022 1207; x_wconf 84' lang='lat' dir='ltr'><strong>laboribus</strong></span> <span class='ocrx_word' id='word_1_54' title='bbox 2071 1146 2500 1226; x_wconf 82' lang='lat' dir='ltr'><strong>expectamus.</strong></span> 
     </span>
    </p>

    <p class='ocr_par' dir='ltr' id='par_1_3' title="bbox 288 1233 2902 1980">
     <span class='ocr_line' id='line_1_8' title="bbox 463 1233 2838 1336; baseline 0.002 -23"><span class='ocrx_word' id='word_1_55' title='bbox 463 1249 562 1313; x_wconf 87' lang='lat' dir='ltr'><strong>Ex</strong></span> <span class='ocrx_word' id='word_1_56' title='bbox 604 1248 709 1314; x_wconf 90' lang='lat' dir='ltr'><strong>his</strong></span> <span class='ocrx_word' id='word_1_57' title='bbox 750 1233 911 1336; x_wconf 87' lang='lat' dir='ltr'><strong>ergo</strong></span> <span class='ocrx_word' id='word_1_58' title='bbox 955 1253 1138 1332; x_wconf 88' lang='lat' dir='ltr'><strong>patet</strong></span> <span class='ocrx_word' id='word_1_59' title='bbox 1180 1261 1465 1329; x_wconf 83' lang='lat' dir='ltr'><strong>mu-(pag.</strong></span> <span class='ocrx_word' id='word_1_60' title='bbox 1500 1260 1587 1324; x_wconf 87' lang='lat'><strong>46)</strong></span> <span class='ocrx_word' id='word_1_61' title='bbox 1620 1249 1793 1314; x_wconf 86' lang='lat' dir='ltr'><strong>sicae</strong></span> <span class='ocrx_word' id='word_1_62' title='bbox 1833 1249 2152 1315; x_wconf 82' lang='lat' dir='ltr'><strong>humanae</strong></span> <span class='ocrx_word' id='word_1_63' title='bbox 2202 1254 2268 1315; x_wconf 90' lang='lat' dir='ltr'><strong>et</strong></span> <span class='ocrx_word' id='word_1_64' title='bbox 2296 1250 2660 1316; x_wconf 89' lang='lat' dir='ltr'><strong>mundanae</strong></span> <span class='ocrx_word' id='word_1_65' title='bbox 2693 1273 2838 1317; x_wconf 88' lang='lat' dir='ltr'><strong>cum</strong></span> 
     </span>
     <span class='ocr_line' id='line_1_9' title="bbox 290 1356 2831 1441; baseline 0.002 -20"><span class='ocrx_word' id='word_1_66' title='bbox 290 1357 773 1423; x_wconf 84' lang='lat' dir='ltr'><strong>instrumentali</strong></span> <span class='ocrx_word' id='word_1_67' title='bbox 830 1356 1298 1422; x_wconf 86' lang='lat' dir='ltr'><strong>convenientia.</strong></span> <span class='ocrx_word' id='word_1_68' title='bbox 1408 1356 1538 1422; x_wconf 88' lang='lat' dir='ltr'><strong>Sed</strong></span> <span class='ocrx_word' id='word_1_69' title='bbox 1593 1356 1719 1424; x_wconf 90' lang='lat' dir='ltr'><strong>hoc</strong></span> <span class='ocrx_word' id='word_1_70' title='bbox 1776 1357 2113 1441; x_wconf 88' lang='lat' dir='ltr'><strong>superficie</strong></span> <span class='ocrx_word' id='word_1_71' title='bbox 2168 1362 2356 1422; x_wconf 91' lang='lat' dir='ltr'><strong>tenus</strong></span> <span class='ocrx_word' id='word_1_72' title='bbox 2416 1359 2659 1424; x_wconf 89' lang='lat' dir='ltr'><strong>dictum</strong></span> <span class='ocrx_word' id='word_1_73' title='bbox 2717 1365 2831 1441; x_wconf 91' lang='lat' dir='ltr'><strong>est,</strong></span> 
     </span>
     <span class='ocr_line' id='line_1_10' title="bbox 290 1463 2902 1533; baseline 0 -3"><span class='ocrx_word' id='word_1_74' title='bbox 290 1466 362 1530; x_wconf 90' lang='lat' dir='ltr'><strong>in</strong></span> <span class='ocrx_word' id='word_1_75' title='bbox 408 1465 689 1530; x_wconf 91' lang='lat' dir='ltr'><strong>secundo</strong></span> <span class='ocrx_word' id='word_1_76' title='bbox 737 1465 909 1529; x_wconf 89' lang='lat' dir='ltr'><strong>enim</strong></span> <span class='ocrx_word' id='word_1_77' title='bbox 957 1468 1023 1529; x_wconf 89' lang='lat' dir='ltr'><strong>et</strong></span> <span class='ocrx_word' id='word_1_78' title='bbox 1065 1463 1260 1528; x_wconf 84' lang='lat' dir='ltr'><strong>tertio</strong></span> <span class='ocrx_word' id='word_1_79' title='bbox 1305 1464 1475 1529; x_wconf 88' lang='lat' dir='ltr'><strong>libro</strong></span> <span class='ocrx_word' id='word_1_80' title='bbox 1520 1464 1727 1530; x_wconf 89' lang='lat' dir='ltr'><strong>multa</strong></span> <span class='ocrx_word' id='word_1_81' title='bbox 1784 1466 2003 1530; x_wconf 83' lang='lat' dir='ltr'><strong>sumus</strong></span> <span class='ocrx_word' id='word_1_82' title='bbox 2051 1466 2302 1530; x_wconf 90' lang='lat' dir='ltr'><strong>dicturi.</strong></span> <span class='ocrx_word' id='word_1_83' title='bbox 2396 1467 2573 1532; x_wconf 88' lang='lat' dir='ltr'><strong>Haec</strong></span> <span class='ocrx_word' id='word_1_84' title='bbox 2619 1472 2836 1533; x_wconf 89' lang='lat' dir='ltr'><strong>autem</strong></span> <span class='ocrx_word' id='word_1_85' title='bbox 2896 1497 2902 1504; x_wconf 95' lang='lat'>·</span> 
     </span>
     <span class='ocr_line' id='line_1_11' title="bbox 293 1571 2838 1658; baseline 0.001 -21"><span class='ocrx_word' id='word_1_86' title='bbox 293 1573 400 1637; x_wconf 91' lang='lat' dir='ltr'><strong>hic</strong></span> <span class='ocrx_word' id='word_1_87' title='bbox 445 1575 798 1658; x_wconf 85' lang='lat' dir='ltr'><strong>posuimus,</strong></span> <span class='ocrx_word' id='word_1_88' title='bbox 875 1577 950 1636; x_wconf 92' lang='lat' dir='ltr'><strong>ut</strong></span> <span class='ocrx_word' id='word_1_89' title='bbox 1014 1573 1277 1637; x_wconf 88' lang='lat' dir='ltr'><strong>interim</strong></span> <span class='ocrx_word' id='word_1_90' title='bbox 1352 1571 1639 1636; x_wconf 92' lang='lat' dir='ltr'><strong>animum</strong></span> <span class='ocrx_word' id='word_1_91' title='bbox 1703 1572 1968 1637; x_wconf 86' lang='lat' dir='ltr'><strong>lectoris</strong></span> <span class='ocrx_word' id='word_1_92' title='bbox 2037 1573 2539 1639; x_wconf 85' lang='lat' dir='ltr'><strong>assuefaciamus</strong></span> <span class='ocrx_word' id='word_1_93' title='bbox 2609 1580 2674 1640; x_wconf 91' lang='lat' dir='ltr'><strong>et</strong></span> <span class='ocrx_word' id='word_1_94' title='bbox 2739 1575 2838 1640; x_wconf 89' lang='lat' dir='ltr'><strong>illi</strong></span> 
     </span>
     <span class='ocr_line' id='line_1_12' title="bbox 288 1679 2836 1767; baseline 0 -21"><span class='ocrx_word' id='word_1_95' title='bbox 288 1680 726 1767; x_wconf 83' lang='lat' dir='ltr'><strong>ignorantiam</strong></span> <span class='ocrx_word' id='word_1_96' title='bbox 801 1679 1169 1766; x_wconf 85' lang='lat' dir='ltr'><strong>negationis</strong></span> <span class='ocrx_word' id='word_1_97' title='bbox 1246 1680 1628 1744; x_wconf 84' lang='lat' dir='ltr'><strong>auferamus.</strong></span> <span class='ocrx_word' id='word_1_98' title='bbox 1720 1681 1914 1745; x_wconf 88' lang='lat' dir='ltr'><strong>Patet</strong></span> <span class='ocrx_word' id='word_1_99' title='bbox 1975 1681 2177 1766; x_wconf 87' lang='lat' dir='ltr'><strong>igitur</strong></span> <span class='ocrx_word' id='word_1_100' title='bbox 2252 1704 2330 1747; x_wconf 87' lang='lat' dir='ltr'><strong>ex</strong></span> <span class='ocrx_word' id='word_1_101' title='bbox 2397 1683 2584 1747; x_wconf 90' lang='lat' dir='ltr'><strong>dictis</strong></span> <span class='ocrx_word' id='word_1_102' title='bbox 2659 1705 2836 1748; x_wconf 88' lang='lat' dir='ltr'><strong>com-</strong></span> 
     </span>
     <span class='ocr_line' id='line_1_13' title="bbox 291 1787 2835 1873; baseline 0 -19"><span class='ocrx_word' id='word_1_103' title='bbox 291 1788 737 1873; x_wconf 89' lang='lat' dir='ltr'><strong>parationibus</strong></span> <span class='ocrx_word' id='word_1_104' title='bbox 808 1792 873 1853; x_wconf 88' lang='lat' dir='ltr'><strong>et</strong></span> <span class='ocrx_word' id='word_1_105' title='bbox 928 1787 1425 1852; x_wconf 87' lang='lat' dir='ltr'><strong>auctoritatibus</strong></span> <span class='ocrx_word' id='word_1_106' title='bbox 1499 1809 2019 1872; x_wconf 91' lang='lat' dir='ltr'><strong>unumquemque</strong></span> <span class='ocrx_word' id='word_1_107' title='bbox 2096 1793 2321 1853; x_wconf 91' lang='lat' dir='ltr'><strong>tonum</strong></span> <span class='ocrx_word' id='word_1_108' title='bbox 2379 1791 2698 1854; x_wconf 85' lang='lat' dir='ltr'><strong>diversam</strong></span> <span class='ocrx_word' id='word_1_109' title='bbox 2733 1792 2835 1855; x_wconf 77' lang='lat' dir='ltr'><strong>‘ab</strong></span> 
     </span>
     <span class='ocr_line' id='line_1_14' title="bbox 296 1895 1234 1980; baseline 0 -20"><span class='ocrx_word' id='word_1_110' title='bbox 296 1896 501 1962; x_wconf 88' lang='lat' dir='ltr'><strong>altero</strong></span> <span class='ocrx_word' id='word_1_111' title='bbox 549 1897 930 1980; x_wconf 85' lang='lat' dir='ltr'><strong>qualitatem</strong></span> <span class='ocrx_word' id='word_1_112' title='bbox 974 1895 1234 1960; x_wconf 90' lang='lat' dir='ltr'><strong>habere.</strong></span> 
     </span>
    </p>

    <p class='ocr_par' dir='ltr' id='par_1_4' title="bbox 288 2004 2840 4568">
     <span class='ocr_line' id='line_1_15' title="bbox 467 2004 2836 2088; baseline 0 -19"><span class='ocrx_word' id='word_1_113' title='bbox 467 2005 654 2083; x_wconf 78' lang='lat' dir='ltr'><strong>Quod</strong></span> <span class='ocrx_word' id='word_1_114' title='bbox 700 2006 756 2069; x_wconf 90' lang='lat' dir='ltr'><strong>si</strong></span> <span class='ocrx_word' id='word_1_115' title='bbox 802 2004 1009 2070; x_wconf 88' lang='lat' dir='ltr'><strong>adhuc</strong></span> <span class='ocrx_word' id='word_1_116' title='bbox 1051 2004 1226 2069; x_wconf 91' lang='lat' dir='ltr'><strong>idem</strong></span> <span class='ocrx_word' id='word_1_117' title='bbox 1273 2005 1510 2069; x_wconf 92' lang='lat' dir='ltr'><strong>certius</strong></span> <span class='ocrx_word' id='word_1_118' title='bbox 1564 2005 1842 2088; x_wconf 90' lang='lat' dir='ltr'><strong>probare</strong></span> <span class='ocrx_word' id='word_1_119' title='bbox 1894 2005 2061 2070; x_wconf 87' lang='lat' dir='ltr'><strong>libet</strong></span> <span class='ocrx_word' id='word_1_120' title='bbox 2119 2005 2504 2071; x_wconf 88' lang='lat' dir='ltr'><strong>auctoritate</strong></span> <span class='ocrx_word' id='word_1_121' title='bbox 2553 2011 2618 2070; x_wconf 92' lang='lat' dir='ltr'><strong>et</strong></span> <span class='ocrx_word' id='word_1_122' title='bbox 2647 2027 2836 2072; x_wconf 76' lang='lat' dir='ltr'><strong>&#39;com-</strong></span> 
     </span>
     <span class='ocr_line' id='line_1_16' title="bbox 288 2111 2833 2198; baseline 0 -20"><span class='ocrx_word' id='word_1_123' title='bbox 288 2114 626 2197; x_wconf 89' lang='lat' dir='ltr'><strong>paratione</strong></span> <span class='ocrx_word' id='word_1_124' title='bbox 665 2135 783 2197; x_wconf 91' lang='lat' dir='ltr'><strong>per</strong></span> <span class='ocrx_word' id='word_1_125' title='bbox 810 2113 897 2196; x_wconf 89' lang='lat' dir='ltr'><strong>id,</strong></span> <span class='ocrx_word' id='word_1_126' title='bbox 947 2136 984 2176; x_wconf 92' lang='lat' dir='ltr'><strong>a</strong></span> <span class='ocrx_word' id='word_1_127' title='bbox 1030 2135 1156 2196; x_wconf 93' lang='lat' dir='ltr'><strong>quo</strong></span> <span class='ocrx_word' id='word_1_128' title='bbox 1188 2112 1435 2177; x_wconf 90' lang='lat' dir='ltr'><strong>musica</strong></span> <span class='ocrx_word' id='word_1_129' title='bbox 1466 2112 1665 2177; x_wconf 89' lang='lat' dir='ltr'><strong>traxit</strong></span> <span class='ocrx_word' id='word_1_130' title='bbox 1710 2111 2046 2198; x_wconf 85' lang='lat' dir='ltr'><strong>originem,</strong></span> <span class='ocrx_word' id='word_1_131' title='bbox 2095 2117 2171 2176; x_wconf 87' lang='lat' dir='ltr'><strong>ut</strong></span> <span class='ocrx_word' id='word_1_132' title='bbox 2213 2113 2557 2178; x_wconf 88' lang='lat' dir='ltr'><strong>Hesiodo</strong></span> <span class='ocrx_word' id='word_1_133' title='bbox 2603 2114 2833 2197; x_wconf 90' lang='lat' dir='ltr'><strong>placet,</strong></span> 
     </span>
     <span class='ocr_line' id='line_1_17' title="bbox 289 2205 2833 2305; baseline 0 -21"><span class='ocrx_word' id='word_1_134' title='bbox 289 2243 506 2286; x_wconf 88' lang='lat' dir='ltr'><strong>musas</strong></span> <span class='ocrx_word' id='word_1_135' title='bbox 548 2242 783 2286; x_wconf 83' lang='lat' dir='ltr'><strong>novem</strong></span> <span class='ocrx_word' id='word_1_136' title='bbox 828 2220 996 2285; x_wconf 89' lang='lat' dir='ltr'><strong>filias</strong></span> <span class='ocrx_word' id='word_1_137' title='bbox 1042 2221 1216 2286; x_wconf 86' lang='lat' dir='ltr'><strong>Iovis</strong></span> <span class='ocrx_word' id='word_1_138' title='bbox 1264 2225 1329 2285; x_wconf 93' lang='lat' dir='ltr'><strong>et</strong></span> <span class='ocrx_word' id='word_1_139' title='bbox 1374 2205 1725 2285; x_wconf 86' lang='lat' dir='ltr'><strong>memoriae</strong></span> <span class='ocrx_word' id='word_1_140' title='bbox 1781 2220 2005 2285; x_wconf 88' lang='lat' dir='ltr'><strong>taliter</strong></span> <span class='ocrx_word' id='word_1_141' title='bbox 2063 2221 2494 2305; x_wconf 78' lang='lat' dir='ltr'><strong>disponemuS,</strong></span> <span class='ocrx_word' id='word_1_142' title='bbox 2552 2227 2626 2288; x_wconf 89' lang='lat' dir='ltr'><strong>ut</strong></span> <span class='ocrx_word' id='word_1_143' title='bbox 2674 2245 2833 2305; x_wconf 88' lang='lat' dir='ltr'><strong>eam,</strong></span> 
     </span>
     <span class='ocr_line' id='line_1_18' title="bbox 300 2328 2836 2415; baseline 0.001 -23"><span class='ocrx_word' id='word_1_144' title='bbox 300 2351 463 2412; x_wconf 90' lang='lat' dir='ltr'><strong>quae</strong></span> <span class='ocrx_word' id='word_1_145' title='bbox 514 2328 692 2394; x_wconf 89' lang='lat' dir='ltr'><strong>bella</strong></span> <span class='ocrx_word' id='word_1_146' title='bbox 733 2333 973 2412; x_wconf 88' lang='lat' dir='ltr'><strong>narrat,</strong></span> <span class='ocrx_word' id='word_1_147' title='bbox 1022 2328 1213 2392; x_wconf 85' lang='lat' dir='ltr'><strong>Marti</strong></span> <span class='ocrx_word' id='word_1_148' title='bbox 1257 2329 1587 2392; x_wconf 88' lang='lat' dir='ltr'><strong>tradamus</strong></span> <span class='ocrx_word' id='word_1_149' title='bbox 1636 2333 1701 2394; x_wconf 92' lang='lat' dir='ltr'><strong>et</strong></span> <span class='ocrx_word' id='word_1_150' title='bbox 1744 2328 1838 2392; x_wconf 93' lang='lat' dir='ltr'><strong>sic</strong></span> <span class='ocrx_word' id='word_1_151' title='bbox 1881 2333 2037 2394; x_wconf 93' lang='lat' dir='ltr'><strong>tono</strong></span> <span class='ocrx_word' id='word_1_152' title='bbox 2083 2329 2378 2415; x_wconf 84' lang='lat' dir='ltr'><strong>phrygio,</strong></span> <span class='ocrx_word' id='word_1_153' title='bbox 2425 2331 2520 2394; x_wconf 89' lang='lat' dir='ltr'><strong>ita</strong></span> <span class='ocrx_word' id='word_1_154' title='bbox 2565 2334 2630 2394; x_wconf 91' lang='lat' dir='ltr'><strong>et</strong></span> <span class='ocrx_word' id='word_1_155' title='bbox 2676 2350 2836 2412; x_wconf 86' lang='lat' dir='ltr'><strong>eam,</strong></span> 
     </span>
     <span class='ocr_line' id='line_1_19' title="bbox 295 2435 2837 2522; baseline 0.002 -23"><span class='ocrx_word' id='word_1_156' title='bbox 295 2458 459 2519; x_wconf 87' lang='lat' dir='ltr'><strong>quae</strong></span> <span class='ocrx_word' id='word_1_157' title='bbox 523 2436 893 2522; x_wconf 88' lang='lat' dir='ltr'><strong>tragoedias</strong></span> <span class='ocrx_word' id='word_1_158' title='bbox 969 2436 1103 2500; x_wconf 87' lang='lat' dir='ltr'><strong>sive</strong></span> <span class='ocrx_word' id='word_1_159' title='bbox 1136 2456 1143 2459; x_wconf 48' lang='lat'>¹</span> <span class='ocrx_word' id='word_1_160' title='bbox 1182 2437 1411 2500; x_wconf 88' lang='lat' dir='ltr'><strong>caedes</strong></span> <span class='ocrx_word' id='word_1_161' title='bbox 1486 2440 1968 2518; x_wconf 83' lang='lat' dir='ltr'><strong>commemorat,</strong></span> <span class='ocrx_word' id='word_1_162' title='bbox 2029 2435 2310 2502; x_wconf 88' lang='lat' dir='ltr'><strong>Saturno</strong></span> <span class='ocrx_word' id='word_1_163' title='bbox 2378 2459 2451 2502; x_wconf 91' lang='lat' dir='ltr'><strong>ac</strong></span> <span class='ocrx_word' id='word_1_164' title='bbox 2523 2460 2641 2522; x_wconf 89' lang='lat' dir='ltr'><strong>per</strong></span> <span class='ocrx_word' id='word_1_165' title='bbox 2714 2438 2837 2503; x_wconf 91' lang='lat' dir='ltr'><strong>hoc</strong></span> 
     </span>
     <span class='ocr_line' id='line_1_20' title="bbox 292 2542 2834 2631; baseline 0.001 -24"><span class='ocrx_word' id='word_1_166' title='bbox 292 2543 664 2628; x_wconf 83' lang='lat' dir='ltr'><strong>mixolydio,</strong></span> <span class='ocrx_word' id='word_1_167' title='bbox 715 2566 878 2629; x_wconf 90' lang='lat' dir='ltr'><strong>quae</strong></span> <span class='ocrx_word' id='word_1_168' title='bbox 924 2565 1075 2608; x_wconf 84' lang='lat' dir='ltr'><strong>vero</strong></span> <span class='ocrx_word' id='word_1_169' title='bbox 1122 2543 1444 2607; x_wconf 89' lang='lat' dir='ltr'><strong>laetitiam</strong></span> <span class='ocrx_word' id='word_1_170' title='bbox 1487 2544 1750 2626; x_wconf 89' lang='lat' dir='ltr'><strong>indicat,</strong></span> <span class='ocrx_word' id='word_1_171' title='bbox 1800 2542 2054 2609; x_wconf 88' lang='lat' dir='ltr'><strong>Veneri.</strong></span> <span class='ocrx_word' id='word_1_172' title='bbox 2144 2544 2231 2608; x_wconf 88' lang='lat' dir='ltr'><strong>Et</strong></span> <span class='ocrx_word' id='word_1_173' title='bbox 2275 2545 2368 2609; x_wconf 88' lang='lat' dir='ltr'><strong>sic</strong></span> <span class='ocrx_word' id='word_1_174' title='bbox 2414 2568 2834 2631; x_wconf 90' lang='lat' dir='ltr'><strong>unamquam-</strong></span> 
     </span>
     <span class='ocr_line' id='line_1_21' title="bbox 294 2651 2839 2735; baseline 0.001 -20"><span class='ocrx_word' id='word_1_175' title='bbox 294 2674 417 2735; x_wconf 90' lang='lat' dir='ltr'><strong>que</strong></span> <span class='ocrx_word' id='word_1_176' title='bbox 478 2674 806 2716; x_wconf 88' lang='lat' dir='ltr'><strong>musarum</strong></span> <span class='ocrx_word' id='word_1_177' title='bbox 868 2651 1030 2716; x_wconf 88' lang='lat' dir='ltr'><strong>locis</strong></span> <span class='ocrx_word' id='word_1_178' title='bbox 1087 2651 1322 2716; x_wconf 90' lang='lat' dir='ltr'><strong>debitis</strong></span> <span class='ocrx_word' id='word_1_179' title='bbox 1388 2651 1849 2716; x_wconf 88' lang='lat' dir='ltr'><strong>collocabimus</strong></span> <span class='ocrx_word' id='word_1_180' title='bbox 1927 2653 2280 2716; x_wconf 88' lang='lat' dir='ltr'><strong>secundum</strong></span> <span class='ocrx_word' id='word_1_181' title='bbox 2344 2653 2718 2718; x_wconf 89' lang='lat' dir='ltr'><strong>Martiani</strong></span> <span class='ocrx_word' id='word_1_182' title='bbox 2774 2659 2839 2718; x_wconf 89' lang='lat' dir='ltr'><strong>et</strong></span> 
     </span>
     <span class='ocr_line' id='line_1_22' title="bbox 292 2758 2840 2845; baseline 0 -21"><span class='ocrx_word' id='word_1_183' title='bbox 292 2759 684 2825; x_wconf 89' lang='lat' dir='ltr'><strong>Macrobii</strong></span> <span class='ocrx_word' id='word_1_184' title='bbox 730 2759 1167 2824; x_wconf 75' lang='lat' dir='ltr'><strong>auctoritates,</strong></span> <span class='ocrx_word' id='word_1_185' title='bbox 1261 2758 1369 2824; x_wconf 86' lang='lat' dir='ltr'><strong>Sic</strong></span> <span class='ocrx_word' id='word_1_186' title='bbox 1425 2763 1491 2823; x_wconf 94' lang='lat' dir='ltr'><strong>et</strong></span> <span class='ocrx_word' id='word_1_187' title='bbox 1543 2759 1889 2844; x_wconf 90' lang='lat' dir='ltr'><strong>unicuique</strong></span> <span class='ocrx_word' id='word_1_188' title='bbox 1934 2781 2192 2825; x_wconf 78' lang='lat' dir='ltr'><strong>versum</strong></span> <span class='ocrx_word' id='word_1_189' title='bbox 2236 2759 2672 2844; x_wconf 80' lang='lat' dir='ltr'><strong>imponemus,l</strong></span> <span class='ocrx_word' id='word_1_190' title='bbox 2722 2783 2840 2845; x_wconf 89' lang='lat' dir='ltr'><strong>per</strong></span> 
     </span>
     <span class='ocr_line' id='line_1_23' title="bbox 293 2866 2836 2955; baseline 0.001 -24"><span class='ocrx_word' id='word_1_191' title='bbox 293 2890 485 2952; x_wconf 90' lang='lat' dir='ltr'><strong>quem</strong></span> <span class='ocrx_word' id='word_1_192' title='bbox 544 2866 993 2933; x_wconf 85' lang='lat' dir='ltr'><strong>convenientia</strong></span> <span class='ocrx_word' id='word_1_193' title='bbox 1048 2889 1193 2932; x_wconf 89' lang='lat' dir='ltr'><strong>cum</strong></span> <span class='ocrx_word' id='word_1_194' title='bbox 1246 2871 1493 2932; x_wconf 89' lang='lat' dir='ltr'><strong>musica</strong></span> <span class='ocrx_word' id='word_1_195' title='bbox 1554 2869 1912 2933; x_wconf 89' lang='lat' dir='ltr'><strong>denotetur.</strong></span> <span class='ocrx_word' id='word_1_196' title='bbox 2012 2867 2449 2951; x_wconf 88' lang='lat' dir='ltr'><strong>Disponemus</strong></span> <span class='ocrx_word' id='word_1_197' title='bbox 2515 2891 2668 2955; x_wconf 89' lang='lat' dir='ltr'><strong>ergo</strong></span> <span class='ocrx_word' id='word_1_198' title='bbox 2731 2893 2836 2935; x_wconf 90' lang='lat' dir='ltr'><strong>eas</strong></span> 
     </span>
     <span class='ocr_line' id='line_1_24' title="bbox 296 2974 2835 3063; baseline 0.001 -24"><span class='ocrx_word' id='word_1_199' title='bbox 296 2977 407 3058; x_wconf 92' lang='lat' dir='ltr'><strong>sic,</strong></span> <span class='ocrx_word' id='word_1_200' title='bbox 456 2981 529 3039; x_wconf 90' lang='lat' dir='ltr'><strong>ut</strong></span> <span class='ocrx_word' id='word_1_201' title='bbox 575 2975 807 3040; x_wconf 88' lang='lat' dir='ltr'><strong>Thalia</strong></span> <span class='ocrx_word' id='word_1_202' title='bbox 852 2975 1183 3040; x_wconf 87' lang='lat' dir='ltr'><strong>silentium</strong></span> <span class='ocrx_word' id='word_1_203' title='bbox 1226 2979 1450 3040; x_wconf 87' lang='lat' dir='ltr'><strong>teneat</strong></span> <span class='ocrx_word' id='word_1_204' title='bbox 1496 2975 1662 3039; x_wconf 90' lang='lat' dir='ltr'><strong>sicut</strong></span> <span class='ocrx_word' id='word_1_205' title='bbox 1691 2975 1910 3039; x_wconf 88' lang='lat' dir='ltr'><strong>Terra.</strong></span> <span class='ocrx_word' id='word_1_206' title='bbox 2001 2974 2255 3063; x_wconf 87' lang='lat' dir='ltr'><strong>Deinde</strong></span> <span class='ocrx_word' id='word_1_207' title='bbox 2289 2974 2584 3040; x_wconf 82' lang='lat' dir='ltr'><strong>Clionem</strong></span> <span class='ocrx_word' id='word_1_208' title='bbox 2613 2977 2835 3042; x_wconf 91' lang='lat' dir='ltr'><strong>Lunae</strong></span> 
     </span>
     <span class='ocr_line' id='line_1_25' title="bbox 296 3081 2838 3167; baseline 0.001 -21"><span class='ocrx_word' id='word_1_209' title='bbox 296 3083 741 3165; x_wconf 76' lang='lat' dir='ltr'><strong>attribuemuS,</strong></span> <span class='ocrx_word' id='word_1_210' title='bbox 814 3084 929 3147; x_wconf 86' lang='lat' dir='ltr'><strong>sed</strong></span> <span class='ocrx_word' id='word_1_211' title='bbox 1005 3081 1343 3166; x_wconf 88' lang='lat' dir='ltr'><strong>Calliopen</strong></span> <span class='ocrx_word' id='word_1_212' title='bbox 1404 3082 1719 3147; x_wconf 88' lang='lat' dir='ltr'><strong>Mercurio</strong></span> <span class='ocrx_word' id='word_1_213' title='bbox 1790 3081 2146 3147; x_wconf 88' lang='lat' dir='ltr'><strong>dicabimus</strong></span> <span class='ocrx_word' id='word_1_214' title='bbox 2223 3104 2296 3146; x_wconf 88' lang='lat' dir='ltr'><strong>ac</strong></span> <span class='ocrx_word' id='word_1_215' title='bbox 2369 3083 2838 3167; x_wconf 86' lang='lat' dir='ltr'><strong>Terpsichoren</strong></span> 
     </span>
     <span class='ocr_line' id='line_1_26' title="bbox 295 3189 2838 3276; baseline 0.001 -21"><span class='ocrx_word' id='word_1_216' title='bbox 295 3191 535 3255; x_wconf 87' lang='lat' dir='ltr'><strong>Veneri</strong></span> <span class='ocrx_word' id='word_1_217' title='bbox 609 3190 961 3276; x_wconf 77' lang='lat' dir='ltr'><strong>affigemuS.</strong></span> <span class='ocrx_word' id='word_1_218' title='bbox 1085 3190 1537 3273; x_wconf 90' lang='lat' dir='ltr'><strong>Melpomenen</strong></span> <span class='ocrx_word' id='word_1_219' title='bbox 1610 3189 1724 3255; x_wconf 88' lang='lat' dir='ltr'><strong>Sol</strong></span> <span class='ocrx_word' id='word_1_220' title='bbox 1801 3190 2215 3272; x_wconf 84' lang='lat' dir='ltr'><strong>decolorabit,</strong></span> <span class='ocrx_word' id='word_1_221' title='bbox 2293 3190 2492 3256; x_wconf 91' lang='lat' dir='ltr'><strong>Erato</strong></span> <span class='ocrx_word' id='word_1_222' title='bbox 2565 3192 2838 3258; x_wconf 84' lang='lat' dir='ltr'><strong>Martem</strong></span> 
     </span>
     <span class='ocr_line' id='line_1_27' title="bbox 290 3297 2836 3383; baseline 0 -20"><span class='ocrx_word' id='word_1_223' title='bbox 290 3299 609 3382; x_wconf 89' lang='lat' dir='ltr'><strong>incitabit,</strong></span> <span class='ocrx_word' id='word_1_224' title='bbox 645 3298 975 3382; x_wconf 89' lang='lat' dir='ltr'><strong>Euterpen</strong></span> <span class='ocrx_word' id='word_1_225' title='bbox 994 3303 1013 3342; x_wconf 81' lang='lat'><strong>¹</strong></span> <span class='ocrx_word' id='word_1_226' title='bbox 1058 3297 1315 3382; x_wconf 90' lang='lat' dir='ltr'><strong>Jupiter</strong></span> <span class='ocrx_word' id='word_1_227' title='bbox 1344 3298 1727 3363; x_wconf 83' lang='lat' dir='ltr'><strong>benevolam</strong></span> <span class='ocrx_word' id='word_1_228' title='bbox 1758 3298 1916 3363; x_wconf 88' lang='lat' dir='ltr'><strong>facit</strong></span> <span class='ocrx_word' id='word_1_229' title='bbox 1949 3302 2014 3363; x_wconf 88' lang='lat' dir='ltr'><strong>et</strong></span> <span class='ocrx_word' id='word_1_230' title='bbox 2042 3298 2298 3381; x_wconf 90' lang='lat' dir='ltr'><strong>laetam,</strong></span> <span class='ocrx_word' id='word_1_231' title='bbox 2343 3298 2836 3383; x_wconf 83' lang='lat' dir='ltr'><strong>Polyhymniam</strong></span> 
     </span>
     <span class='ocr_line' id='line_1_28' title="bbox 293 3405 2837 3472; baseline 0 -1"><span class='ocrx_word' id='word_1_232' title='bbox 293 3428 448 3472; x_wconf 77' lang='lat' dir='ltr'><strong>vero</strong></span> <span class='ocrx_word' id='word_1_233' title='bbox 497 3407 815 3472; x_wconf 85' lang='lat' dir='ltr'><strong>Saturnus</strong></span> <span class='ocrx_word' id='word_1_234' title='bbox 860 3405 1221 3471; x_wconf 88' lang='lat' dir='ltr'><strong>contristat.</strong></span> <span class='ocrx_word' id='word_1_235' title='bbox 1312 3405 1599 3471; x_wconf 85' lang='lat' dir='ltr'><strong>Ultimae</strong></span> <span class='ocrx_word' id='word_1_236' title='bbox 1644 3429 1803 3472; x_wconf 86' lang='lat' dir='ltr'><strong>vero</strong></span> <span class='ocrx_word' id='word_1_237' title='bbox 1846 3407 2166 3471; x_wconf 88' lang='lat' dir='ltr'><strong>Euraniae</strong></span> <span class='ocrx_word' id='word_1_238' title='bbox 2214 3407 2466 3472; x_wconf 90' lang='lat' dir='ltr'><strong>coelum</strong></span> <span class='ocrx_word' id='word_1_239' title='bbox 2509 3408 2837 3472; x_wconf 88' lang='lat' dir='ltr'><strong>stellatum</strong></span> 
     </span>
     <span class='ocr_line' id='line_1_29' title="bbox 293 3513 2837 3606; baseline 0 -26"><span class='ocrx_word' id='word_1_240' title='bbox 293 3515 476 3580; x_wconf 86' lang='lat' dir='ltr'><strong>dabit</strong></span> <span class='ocrx_word' id='word_1_241' title='bbox 522 3515 939 3606; x_wconf 12' lang='lat' dir='ltr'><strong>decoremtac</strong></span> <span class='ocrx_word' id='word_1_242' title='bbox 968 3515 1277 3598; x_wconf 89' lang='lat' dir='ltr'><strong>requiem.</strong></span> <span class='ocrx_word' id='word_1_243' title='bbox 1360 3513 1522 3578; x_wconf 88' lang='lat' dir='ltr'><strong>Cum</strong></span> <span class='ocrx_word' id='word_1_244' title='bbox 1564 3514 1767 3601; x_wconf 90' lang='lat' dir='ltr'><strong>igitur</strong></span> <span class='ocrx_word' id='word_1_245' title='bbox 1816 3537 1853 3578; x_wconf 89' lang='lat' dir='ltr'><strong>a</strong></span> <span class='ocrx_word' id='word_1_246' title='bbox 1896 3515 2105 3599; x_wconf 89' lang='lat' dir='ltr'><strong>prima</strong></span> <span class='ocrx_word' id='word_1_247' title='bbox 2149 3515 2319 3580; x_wconf 91' lang='lat' dir='ltr'><strong>idest</strong></span> <span class='ocrx_word' id='word_1_248' title='bbox 2365 3537 2403 3578; x_wconf 89' lang='lat' dir='ltr'><strong>a</strong></span> <span class='ocrx_word' id='word_1_249' title='bbox 2449 3515 2707 3580; x_wconf 87' lang='lat' dir='ltr'><strong>silentio</strong></span> <span class='ocrx_word' id='word_1_250' title='bbox 2756 3518 2837 3581; x_wconf 89' lang='lat' dir='ltr'><strong>ad</strong></span> 
     </span>
     <span class='ocr_line' id='line_1_30' title="bbox 296 3621 2836 3688; baseline 0.001 -2"><span class='ocrx_word' id='word_1_251' title='bbox 296 3623 593 3688; x_wconf 87' lang='lat' dir='ltr'><strong>ultimam</strong></span> <span class='ocrx_word' id='word_1_252' title='bbox 682 3621 991 3687; x_wconf 90' lang='lat' dir='ltr'><strong>circulum</strong></span> <span class='ocrx_word' id='word_1_253' title='bbox 1064 3621 1337 3686; x_wconf 90' lang='lat' dir='ltr'><strong>facimus</strong></span> <span class='ocrx_word' id='word_1_254' title='bbox 1414 3626 1478 3687; x_wconf 88' lang='lat' dir='ltr'><strong>et</strong></span> <span class='ocrx_word' id='word_1_255' title='bbox 1553 3623 1634 3686; x_wconf 89' lang='lat' dir='ltr'><strong>ad</strong></span> <span class='ocrx_word' id='word_1_256' title='bbox 1720 3624 2069 3688; x_wconf 89' lang='lat' dir='ltr'><strong>secundam</strong></span> <span class='ocrx_word' id='word_1_257' title='bbox 2155 3627 2364 3686; x_wconf 91' lang='lat' dir='ltr'><strong>totum</strong></span> <span class='ocrx_word' id='word_1_258' title='bbox 2455 3629 2836 3688; x_wconf 90' lang='lat' dir='ltr'><strong>concentum</strong></span> 
     </span>
     <span class='ocr_line' id='line_1_31' title="bbox 292 3729 2838 3814; baseline 0 -19"><span class='ocrx_word' id='word_1_259' title='bbox 292 3731 699 3796; x_wconf 88' lang='lat' dir='ltr'><strong>remittentes</strong></span> <span class='ocrx_word' id='word_1_260' title='bbox 764 3729 1169 3812; x_wconf 88' lang='lat' dir='ltr'><strong>recurrimus,</strong></span> <span class='ocrx_word' id='word_1_261' title='bbox 1250 3729 1682 3814; x_wconf 83' lang='lat' dir='ltr'><strong>hypodorium</strong></span> <span class='ocrx_word' id='word_1_262' title='bbox 1743 3752 2174 3814; x_wconf 90' lang='lat' dir='ltr'><strong>procreamus.</strong></span> <span class='ocrx_word' id='word_1_263' title='bbox 2285 3729 2838 3807; x_wconf 77' lang='lat' dir='ltr'><strong>Quemadmodum</strong></span> 
     </span>
     <span class='ocr_line' id='line_1_32' title="bbox 295 3837 2837 3924; baseline 0 -21"><span class='ocrx_word' id='word_1_264' title='bbox 295 3840 498 3924; x_wconf 87' lang='lat' dir='ltr'><strong>igitur</strong></span> <span class='ocrx_word' id='word_1_265' title='bbox 544 3839 621 3903; x_wconf 88' lang='lat' dir='ltr'><strong>de</strong></span> <span class='ocrx_word' id='word_1_266' title='bbox 668 3838 811 3902; x_wconf 90' lang='lat' dir='ltr'><strong>istis</strong></span> <span class='ocrx_word' id='word_1_267' title='bbox 866 3838 1154 3918; x_wconf 85' lang='lat' dir='ltr'><strong>fecimus,</strong></span> <span class='ocrx_word' id='word_1_268' title='bbox 1215 3838 1293 3903; x_wconf 92' lang='lat' dir='ltr'><strong>de</strong></span> <span class='ocrx_word' id='word_1_269' title='bbox 1330 3838 1607 3922; x_wconf 83' lang='lat' dir='ltr'><strong>reliquis</strong></span> <span class='ocrx_word' id='word_1_270' title='bbox 1661 3837 2031 3903; x_wconf 89' lang='lat' dir='ltr'><strong>faciendum</strong></span> <span class='ocrx_word' id='word_1_271' title='bbox 2091 3860 2231 3903; x_wconf 88' lang='lat' dir='ltr'><strong>esse</strong></span> <span class='ocrx_word' id='word_1_272' title='bbox 2290 3837 2694 3921; x_wconf 90' lang='lat' dir='ltr'><strong>arbitramur,</strong></span> <span class='ocrx_word' id='word_1_273' title='bbox 2743 3840 2837 3904; x_wconf 91' lang='lat' dir='ltr'><strong>ita</strong></span> 
     </span>
     <span class='ocr_line' id='line_1_33' title="bbox 296 3945 2835 4030; baseline 0 -20"><span class='ocrx_word' id='word_1_274' title='bbox 296 3947 467 4030; x_wconf 90' lang='lat' dir='ltr'><strong>quod</strong></span> <span class='ocrx_word' id='word_1_275' title='bbox 512 3947 719 4030; x_wconf 87' lang='lat' dir='ltr'><strong>spiras</strong></span> <span class='ocrx_word' id='word_1_276' title='bbox 773 3945 988 4010; x_wconf 87' lang='lat' dir='ltr'><strong>facere</strong></span> <span class='ocrx_word' id='word_1_277' title='bbox 1052 3968 1182 4011; x_wconf 90' lang='lat' dir='ltr'><strong>non</strong></span> <span class='ocrx_word' id='word_1_278' title='bbox 1243 3967 1587 4029; x_wconf 81' lang='lat' dir='ltr'><strong>cessemuS,</strong></span> <span class='ocrx_word' id='word_1_279' title='bbox 1648 3945 1852 4010; x_wconf 89' lang='lat' dir='ltr'><strong>donec</strong></span> <span class='ocrx_word' id='word_1_280' title='bbox 1912 3947 1994 4010; x_wconf 88' lang='lat' dir='ltr'><strong>ad</strong></span> <span class='ocrx_word' id='word_1_281' title='bbox 2046 3945 2341 4010; x_wconf 90' lang='lat' dir='ltr'><strong>ultimam</strong></span> <span class='ocrx_word' id='word_1_282' title='bbox 2396 3967 2647 4010; x_wconf 89' lang='lat' dir='ltr'><strong>musam</strong></span> <span class='ocrx_word' id='word_1_283' title='bbox 2691 3969 2835 4030; x_wconf 91' lang='lat' dir='ltr'><strong>per-</strong></span> 
     </span>
     <span class='ocr_line' id='line_1_34' title="bbox 293 4052 2834 4137; baseline 0 -19"><span class='ocrx_word' id='word_1_284' title='bbox 293 4055 644 4136; x_wconf 85' lang='lat' dir='ltr'><strong>veniamus,</strong></span> <span class='ocrx_word' id='word_1_285' title='bbox 696 4076 734 4117; x_wconf 91' lang='lat' dir='ltr'><strong>a</strong></span> <span class='ocrx_word' id='word_1_286' title='bbox 780 4075 906 4137; x_wconf 89' lang='lat' dir='ltr'><strong>qua</strong></span> <span class='ocrx_word' id='word_1_287' title='bbox 950 4053 1291 4137; x_wconf 90' lang='lat' dir='ltr'><strong>superflua,</strong></span> <span class='ocrx_word' id='word_1_288' title='bbox 1342 4054 1397 4117; x_wconf 92' lang='lat' dir='ltr'><strong>si</strong></span> <span class='ocrx_word' id='word_1_289' title='bbox 1426 4052 1571 4136; x_wconf 78' lang='lat' dir='ltr'><strong>-fiat,</strong></span> <span class='ocrx_word' id='word_1_290' title='bbox 1622 4053 1746 4118; x_wconf 89' lang='lat' dir='ltr'><strong>erit</strong></span> <span class='ocrx_word' id='word_1_291' title='bbox 1788 4053 2087 4136; x_wconf 88' lang='lat' dir='ltr'><strong>intentio,</strong></span> <span class='ocrx_word' id='word_1_292' title='bbox 2138 4053 2442 4137; x_wconf 88' lang='lat' dir='ltr'><strong>quoniam</strong></span> <span class='ocrx_word' id='word_1_293' title='bbox 2499 4053 2834 4137; x_wconf 86' lang='lat' dir='ltr'><strong>replicatio</strong></span> 
     </span>
     <span class='ocr_line' id='line_1_35' title="bbox 294 4160 2834 4247; baseline -0 -22"><span class='ocrx_word' id='word_1_294' title='bbox 294 4161 528 4244; x_wconf 91' lang='lat' dir='ltr'><strong>prioris</strong></span> <span class='ocrx_word' id='word_1_295' title='bbox 576 4165 690 4243; x_wconf 90' lang='lat' dir='ltr'><strong>est,</strong></span> <span class='ocrx_word' id='word_1_296' title='bbox 753 4165 826 4224; x_wconf 99' lang='lat' dir='ltr'><strong>ut</strong></span> <span class='ocrx_word' id='word_1_297' title='bbox 878 4162 1271 4247; x_wconf 88' lang='lat' dir='ltr'><strong>Rogerius</strong></span> <span class='ocrx_word' id='word_1_298' title='bbox 1331 4160 1686 4245; x_wconf 87' lang='lat' dir='ltr'><strong>Caperon</strong></span> <span class='ocrx_word' id='word_1_299' title='bbox 1742 4161 2075 4225; x_wconf 91' lang='lat' dir='ltr'><strong>asserebat</strong></span> <span class='ocrx_word' id='word_1_300' title='bbox 2133 4182 2272 4225; x_wconf 88' lang='lat' dir='ltr'><strong>esse</strong></span> <span class='ocrx_word' id='word_1_301' title='bbox 2337 4160 2553 4225; x_wconf 90' lang='lat' dir='ltr'><strong>crisim</strong></span> <span class='ocrx_word' id='word_1_302' title='bbox 2608 4182 2834 4226; x_wconf 78' lang='lat' dir='ltr'><strong>vocem</strong></span> 
     </span>
     <span class='ocr_line' id='line_1_36' title="bbox 292 4267 2836 4353; baseline 0 -20"><span class='ocrx_word' id='word_1_303' title='bbox 292 4269 475 4333; x_wconf 90' lang='lat' dir='ltr'><strong>illam</strong></span> <span class='ocrx_word' id='word_1_304' title='bbox 528 4291 723 4352; x_wconf 90' lang='lat' dir='ltr'><strong>supra</strong></span> <span class='ocrx_word' id='word_1_305' title='bbox 783 4273 980 4332; x_wconf 91' lang='lat' dir='ltr'><strong>neten</strong></span> <span class='ocrx_word' id='word_1_306' title='bbox 1022 4268 1465 4353; x_wconf 83' lang='lat' dir='ltr'><strong>hyperboleon</strong></span> <span class='ocrx_word' id='word_1_307' title='bbox 1511 4269 1795 4333; x_wconf 90' lang='lat' dir='ltr'><strong>additam</strong></span> <span class='ocrx_word' id='word_1_308' title='bbox 1845 4273 1910 4332; x_wconf 91' lang='lat' dir='ltr'><strong>et</strong></span> <span class='ocrx_word' id='word_1_309' title='bbox 1955 4267 2216 4352; x_wconf 90' lang='lat' dir='ltr'><strong>coruph,</strong></span> <span class='ocrx_word' id='word_1_310' title='bbox 2279 4290 2444 4352; x_wconf 88' lang='lat' dir='ltr'><strong>quae</strong></span> <span class='ocrx_word' id='word_1_311' title='bbox 2491 4270 2609 4333; x_wconf 88' lang='lat' dir='ltr'><strong>sub</strong></span> <span class='ocrx_word' id='word_1_312' title='bbox 2653 4291 2836 4352; x_wconf 90' lang='lat' dir='ltr'><strong>pros-</strong></span> 
     </span>
     <span class='ocr_line' id='line_1_37' title="bbox 291 4375 2834 4460; baseline -0 -19"><span class='ocrx_word' id='word_1_313' title='bbox 291 4377 808 4441; x_wconf 89' lang='lat' dir='ltr'><strong>lambanomeno.</strong></span> <span class='ocrx_word' id='word_1_314' title='bbox 899 4376 1048 4460; x_wconf 90' lang='lat' dir='ltr'><strong>Ipse</strong></span> <span class='ocrx_word' id='word_1_315' title='bbox 1096 4376 1353 4458; x_wconf 88' lang='lat' dir='ltr'><strong>etenim,</strong></span> <span class='ocrx_word' id='word_1_316' title='bbox 1418 4377 1627 4458; x_wconf 82' lang='lat' dir='ltr'><strong>crede,</strong></span> <span class='ocrx_word' id='word_1_317' title='bbox 1683 4375 1753 4440; x_wconf 91' lang='lat' dir='ltr'><strong>in</strong></span> <span class='ocrx_word' id='word_1_318' title='bbox 1801 4376 1902 4440; x_wconf 91' lang='lat' dir='ltr'><strong>die</strong></span> <span class='ocrx_word' id='word_1_319' title='bbox 1958 4375 2325 4441; x_wconf 85' lang='lat' dir='ltr'><strong>haeretico2</strong></span> <span class='ocrx_word' id='word_1_320' title='bbox 2379 4380 2585 4440; x_wconf 88' lang='lat' dir='ltr'><strong>artem</strong></span> <span class='ocrx_word' id='word_1_321' title='bbox 2629 4381 2834 4441; x_wconf 90' lang='lat' dir='ltr'><strong>totam</strong></span> 
     </span>
     <span class='ocr_line' id='line_1_38' title="bbox 294 4482 2829 4568; baseline -0.001 -20"><span class='ocrx_word' id='word_1_322' title='bbox 294 4483 743 4568; x_wconf 88' lang='lat' dir='ltr'><strong>composuerit,</strong></span> <span class='ocrx_word' id='word_1_323' title='bbox 803 4487 868 4547; x_wconf 88' lang='lat' dir='ltr'><strong>et</strong></span> <span class='ocrx_word' id='word_1_324' title='bbox 926 4505 1070 4548; x_wconf 91' lang='lat' dir='ltr'><strong>cum</strong></span> <span class='ocrx_word' id='word_1_325' title='bbox 1126 4485 1207 4548; x_wconf 92' lang='lat' dir='ltr'><strong>ad</strong></span> <span class='ocrx_word' id='word_1_326' title='bbox 1266 4482 1512 4568; x_wconf 90' lang='lat' dir='ltr'><strong>coruph</strong></span> <span class='ocrx_word' id='word_1_327' title='bbox 1572 4484 1896 4568; x_wconf 87' lang='lat' dir='ltr'><strong>pervenit,</strong></span> <span class='ocrx_word' id='word_1_328' title='bbox 1962 4484 2104 4568; x_wconf 89' lang='lat' dir='ltr'><strong>ipse</strong></span> <span class='ocrx_word' id='word_1_329' title='bbox 2161 4506 2305 4549; x_wconf 92' lang='lat' dir='ltr'><strong>cum</strong></span> <span class='ocrx_word' id='word_1_330' title='bbox 2366 4488 2505 4555; x_wconf 89' lang='lat' dir='ltr'><strong>tota</strong></span> <span class='ocrx_word' id='word_1_331' title='bbox 2573 4485 2829 4548; x_wconf 90' lang='lat' dir='ltr'><strong>corruit.</strong></span> 
     </span>
    </p>
   </div>
   <div class='ocr_carea' id='block_1_3' title="bbox 470 4723 1567 4794">
    <p class='ocr_par' dir='ltr' id='par_1_5' title="bbox 470 4723 1567 4794">
     <span class='ocr_line' id='line_1_39' title="bbox 470 4723 1567 4794; baseline -0.001 -17"><span class='ocrx_word' id='word_1_332' title='bbox 470 4728 487 4762; x_wconf 87' lang='lat'><strong>¹</strong></span> <span class='ocrx_word' id='word_1_333' title='bbox 525 4723 856 4794; x_wconf 86' lang='lat' dir='ltr'><strong>Euterpees.</strong></span> <span class='ocrx_word' id='word_1_334' title='bbox 1274 4724 1297 4760; x_wconf 82' lang='lat'><strong>2</strong></span> <span class='ocrx_word' id='word_1_335' title='bbox 1336 4725 1567 4779; x_wconf 83' lang='lat' dir='ltr'><strong>cretico.</strong></span> 
     </span>
    </p>
   </div>
  </div>
 </body>
</html>
