3592 5509
1398 380 1823 445 ...69-

346 574 535 618 voces
568 575 715 619 suas
748 555 1125 636 coadunare,
1172 558 1247 618 ut
1282 554 1338 618 si
1381 558 1570 618 tenor
1612 551 1853 638 psallat
1895 554 1940 616 d
1964 555 2008 618 h
2036 554 2095 636 d,
2145 574 2456 640 organum
2503 553 2699 619 faciet
2745 553 2888 617 lkl

348 666 459 726 aut
503 664 675 726 lml
728 663 864 726 sive
920 664 1039 726 lm
1066 684 1133 727 n.
1225 661 1333 727 Sic
1386 662 1457 725 in
1510 661 1655 727 aliis
1709 653 1939 727 modis*
1977 661 2298 745 diapente.
2392 660 2578 738 Quod
2633 661 2688 725 si
2747 659 2884 724 dia-

347 776 642 836 tessaron
685 769 811 835 hoc
854 769 1046 836 modo
1100 771 1145 834 d
1170 771 1215 854 f
1234 792 1283 852 c,
1341 792 1655 856 organum
1707 772 1796 834 lk
1824 772 1880 853 Ic,
1943 769 2045 834 vel
2099 770 2156 834 si
2209 773 2398 834 tenor
2453 789 2486 834 c
2514 770 2559 854 f
2576 769 2636 852 d,
2695 789 2885 855 orga-

346 900 501 942 num
544 880 583 942 k
612 878 652 943 k
678 880 717 942 l.
2499 953 2504 958 ,

518 985 904 1073 Ugolinus
975 986 1357 1071 quibusdam
1428 985 1721 1051 barbaris
1791 986 2017 1050 metris
2087 985 2346 1072 regulas
2414 987 2634 1070 posuit
2708 1006 2883 1050 com-

346 1115 572 1158 munes
631 1094 709 1158 de
779 1093 1076 1158 omnibus
1146 1093 1483 1178 speciebus
1550 1098 1685 1158 tam
1754 1092 2156 1178 simplicibus
2225 1116 2416 1178 quam
2485 1091 2879 1178 compositis,

348 1223 615 1287 quarum
648 1201 903 1285 aliquae
942 1222 1167 1265 verum
1211 1206 1455 1284 tenent,
1505 1202 1820 1287 quaedam
1864 1222 2018 1266 vero
2063 1201 2348 1266 minime.
2427 1200 2557 1267 Sed
2601 1205 2675 1266 ut
2718 1201 2884 1265 veri-

345 1313 446 1374 tas
493 1309 831 1392 elucescat,
877 1309 1130 1374 falsitas
1178 1313 1394 1374 autem
1441 1311 1779 1374 erubescat
1827 1313 1892 1374 et
1936 1308 2385 1392 confundatur,
2434 1310 2693 1374 easdem
2735 1308 2884 1373 bre-

346 1417 514 1482 viter
534 1417 642 1482 hic
674 1417 1030 1502 explicabo,
1063 1415 1187 1483 hoc
1209 1417 1402 1483 modo
1428 1416 1698 1482 dicendo
1722 1417 1968 1501 primo¹
1996 1418 2074 1482 de
2105 1417 2378 1482 unisono
2412 1416 2883 1482 ascendendo2:

517 1519 713 1575 Tertia
750 1521 829 1576 sit
862 1520 1031 1589 infra,
1070 1521 1347 1576 unisonus
1388 1521 1436 1575 si
1473 1521 1735 1577 tenditur
1772 1539 1901 1576 una.

519 1607 713 1662 Tertia
748 1606 843 1661 vel
879 1609 1087 1675 quarta
1123 1607 1173 1662 si
1209 1607 1416 1675 tendit,
1454 1607 1605 1662 infra
1640 1607 1914 1677 diapente
1953 1608 2194 1662 tenebit.

518 1692 578 1746 Si
616 1693 877 1762 quintam
912 1693 1193 1760 ascendit,
1231 1694 1511 1764 diapason
1547 1696 1775 1748 tantum
1811 1693 2165 1748 terminabit.

347 1781 644 1848 Secunda
686 1784 914 1870 regula
960 1785 1038 1850 de
1082 1787 1361 1850 unisono
1408 1785 1886 1850 descendendo:

517 1886 714 1942 Tertia
750 1887 830 1941 sit
865 1889 1055 1958 supra,'
1092 1886 1369 1943 unisonus
1408 1887 1458 1942 si
1494 1887 1812 1942 remittitur
1847 1905 1978 1942 una.

518 1974 608 2027 Ad
644 1973 905 2041 quintam
941 1974 1149 2042 tendit,
1194 1974 1244 2028 si
1279 1974 1515 2029 tertiam
1552 1977 1888 2044 quartamve
1926 1973 2192 2028 remittit.

516 2058 793 2114 Octavam
828 2059 997 2129 petit,
1036 2060 1087 2115 si
1126 2060 1391 2128 quintam
1425 2060 1520 2115 vel
1556 2061 1711 2115 ultra
1747 2059 2004 2129 deponit.

518 2144 578 2200 Si
614 2146 785 2216 plura
819 2146 1153 2217 pertransit,
1190 2146 1436 2202 rationis
1473 2147 1613 2202 ordo
1651 2146 1900 2202 docebit.

344 2235 567 2300 Tertia
609 2235 838 2323 regula
882 2238 983 2322 [de
1028 2237 1226 2302 tertia
1270 2236 1724 2322 ascendendo]:

518 2338 807 2394 Unisonus
844 2339 963 2408 fiat,
1000 2357 1176 2395 unam
1212 2340 1263 2394 si
1299 2340 1477 2396 tertia
1514 2341 1733 2395 tendat.

516 2423 577 2479 Si
611 2425 807 2495 plures
846 2427 1069 2494 tendat,
1108 2426 1384 2482 unisonus
1421 2427 1598 2482 item8
1632 2427 1748 2481 fiat.

515 2511 711 2568 Tertia
745 2513 1007 2582 remittit,
1047 2513 1097 2567 si
1133 2516 1223 2568 ter
1259 2513 1352 2568 vel
1388 2517 1595 2582 quater
1630 2513 1909 2568 ascendit.

347 2598 594 2675 Quarta
636 2599 863 2686 regula
910 2601 987 2665 de
1034 2599 1229 2665 tertia
1276 2599 1749 2666 descendendo:

514 2702 729 2768 Quinta
765 2705 938 2758 tunc4
972 2703 1089 2771 fiet,
1129 2703 1178 2758 si
1215 2703 1451 2759 tertiam
1489 2703 1671 2759 solam
1706 2702 1954 2758 remittis
1969 2705 2006 2757 ⁵.

517 2788 577 2843 Si
612 2789 807 2858 plures
842 2789 1077 2857 fuerint,
1115 2806 1212 2845 eas
1251 2791 1457 2858 quinta
1493 2789 1848 2845 terminabit.
2001 2793 2007 2798 “

516 2874 577 2930 Si
612 2875 848 2930 tertiam
882 2876 976 2930 vel
1016 2877 1297 2945 quartam,
1336 2879 1599 2932 octavam
1636 2893 1811 2947 super
1845 2876 2131 2931 intendas

516 2960 731 3026 Quinta
767 2979 941 3032 supra
977 2962 1095 3031 fiet,
1133 2961 1183 3016 si
1222 2979 1350 3016 cum
1388 2966 1593 3018 octava
1628 2963 1920 3032 iungatur.

345 3051 587 3128 Quinta
629 3053 857 3140 regula
904 3052 981 3118 de
1028 3054 1255 3138 quinta
1300 3055 1733 3119 ascendendo:

516 3154 731 3220 Quinta
767 3155 995 3224 quaerit
1028 3157 1279 3224 tertiam,
1319 3157 1368 3211 si
1405 3157 1472 3211 fit
1508 3174 1780 3212 ascensus
1818 3157 1880 3211 in
1918 3174 2108 3212 unam.

515 3240 835 3297 Unisonum
874 3242 1049 3311 dicas,
1088 3243 1138 3298 si
1170 3244 1405 3300 tertiam
1442 3245 1534 3299 vel
1574 3243 1840 3312 quintam
1874 3244 2160 3299 intendas.

346 3329 545 3396 Sexta
587 3331 817 3418 reg-ula
862 3333 940 3398 de
988 3334 1213 3418 quinta
1260 3334 1733 3400 descendendo:

514 3434 794 3490 Octavam
830 3435 1037 3504 quinta
1071 3437 1249 3507 petit3
1289 3438 1339 3492 si
1376 3438 1554 3493 solam
1592 3454 1767 3492 unam
1806 3437 2125 3505 descendit,

517 3519 645 3576 Erit
679 3524 907 3588 octava3
947 3525 1127 3591 sexta,
1166 3523 1216 3577 si
1254 3523 1424 3578 alteri
1463 3523 1541 3578 sit
1576 3523 1815 3579 sociata.

513 3606 652 3661 Post
689 3607 953 3676 quintam
990 3611 1198 3665 octava
1234 3609 1350 3677 fiet,
1389 3610 1438 3664 si
1474 3611 1711 3665 tertiam
1746 3609 1898 3665 infra
1933 3611 2212 3666 remittet.

514 3691 575 3747 Si
613 3696 877 3762 quartam
914 3695 1006 3749 vel
1044 3695 1323 3763 quintam,
1366 3695 1647 3750 decimam
1683 3696 1989 3752 intendere
2028 3697 2199 3751 sinat.

346 3782 637 3868 Septima
679 3783 908 3870 regula
953 3785 1032 3850 de
1077 3792 1262 3850 sexta
1306 3787 1709 3853 ascendendo
1728 3791 1778 3851 ⁶:

516 3885 692 3942 Sexta
726 3888 961 3943 tertiam
998 3889 1177 3959 cupit,
1216 3889 1268 3944 si
1304 3907 1479 3959 supra
1512 3893 1710 3945 notam
1747 3891 2018 3946 intendit.

346 3975 590 4044 Octava
632 3979 860 4064 regula
904 3981 983 4044 de
1030 3985 1214 4046 sexta
1259 3981 1705 4047 descendendo
1724 3987 1772 4046 ⁷:

517 4080 693 4137 Sexta
728 4083 858 4136 vult
892 4085 1171 4152 octavam,
1208 4083 1361 4139 infra
1397 4085 1447 4140 si
1484 4084 1678 4139 tendit
1712 4086 1787 4140 ad
1823 4103 2020 4153 unam3

514 4169 589 4225 Et
623 4171 821 4241 plures
858 4171 1019 4240 fiant,
1057 4171 1108 4226 si
1144 4173 1497 4228 antecedunt
1534 4175 1814 4229 octavam.

515 4256 658 4311 Vult
696 4257 1013 4316 decimanus
1048 4260 1216 4316 sexta
1251 4259 1427 4315 tertia
1463 4259 1767 4316 remittens
1807 4263 1867 4314 et
1901 4260 2069 4317 infra.

519 4501 538 4538 1
572 4498 749 4568 prius.
1199 4502 1222 4539 2
1259 4502 1611 4557 ascendenti.

513 4587 537 4625 3
578 4586 829 4641 tandem.
1209 4589 1233 4625 4
1267 4590 1372 4642 ter.
1684 4592 1708 4630 ⁵
1743 4590 2009 4646 remittit.

513 4674 537 4711 6
572 4673 937 4728 ascendente.
1253 4677 1274 4712 7
1312 4675 1715 4732 descendente.
2027 4679 2051 4717 8
2089 4677 2324 4734 decima.
