3592 5509
1873 365 2305 430 -18-

823 540 1088 628 cognitu
1156 540 1540 604 suavissima
1606 540 1951 624 reperient.
2059 537 2239 616 Quae
2307 539 2363 604 si
2428 561 2628 623 parvo
2695 539 2885 605 huius
2950 540 3149 624 primi
3224 540 3442 605 libri

821 648 1146 714 volumine
1208 647 1743 713 conclusissemus
1760 651 1801 726 1,
1862 646 2221 712 doctrinam
2278 647 2586 713 fecissent
2642 648 3143 732 impeditiorem.
3276 646 3438 711 His

821 757 1022 842 igitur
1072 755 1354 820 dimissis
1397 756 1479 819 ad
1523 753 1863 840 reliquum,
1911 759 1984 820 ut
2024 755 2301 839 polliciti
2346 777 2583 839 sumus,
2633 753 2926 821 naturale
2970 757 3436 822 instrumen-

822 869 962 930 tum
1009 864 1441 930 deveniemus.

1582 1165 2067 1248 Capitulum
2121 1166 2599 1249 septimum.

990 1319 1420 1412 Copulandi
1475 1327 1734 1390 vocem
1791 1342 1961 1389 cum
2015 1319 2505 1390 instrumento
2564 1319 2825 1390 modus
2880 1319 3206 1391 subtilis.

827 1485 1150 1622 MULTI
1195 1484 1489 1572 volentes
1536 1506 1655 1550 nos
1699 1484 1823 1550 hac
1866 1484 2159 1549 imbuere
2207 1461 2498 1550 doctrina
2546 1507 2639 1570 ea,
2690 1507 2853 1570 quae
2899 1489 3049 1550 sunt
3092 1505 3419 1570 praepo-

986 1594 1216 1676 nenda,
1264 1597 1665 1679 postponunt
1710 1596 1776 1657 et
1809 1615 1847 1676 0Ι
1875 1597 2099 1657 contra
2125 1592 2221 1657 ita
2252 1593 2444 1676 quod,
2493 1593 2749 1677 quando
2791 1592 3033 1678 aliquid
3076 1593 3415 1658 futurum

832 1727 910 1768 ex
966 1702 1154 1766 dictis
1210 1701 1486 1784 probare
1543 1700 1869 1766 voluerint
1924 1704 1990 1764 et
2034 1723 2103 1764 se
2163 1701 2240 1764 de
2300 1700 2415 1764 illo
2460 1699 2622 1765 locis
2678 1700 2913 1766 debitis
2968 1702 3413 1766 mentionem

827 1811 1074 1876 nullam
1133 1808 1366 1873 fecisse
1428 1809 1864 1892 perpendunt,
1924 1807 2098 1886 alibi,
2156 1808 2269 1873 ubi
2324 1807 2538 1872 minus
2594 1809 2893 1893 quadrat,
2950 1809 3113 1873 illud
3172 1809 3413 1872 inter-

832 1921 1072 1983 serunt.
1165 1917 1325 1982 Inde
1392 1937 1546 2003 ergo
1601 1914 1759 1980 ina2
1821 1916 2113 1980 doctrina
2176 1907 2331 2000 ὕλη3
2376 1916 2511 1980 81νο
2575 1916 2851 1981 materia
2907 1915 3213 1982 informis
3286 1915 3408 1979 vel

832 2025 1030 2092 chaos
1077 2025 1329 2108 dicitur,
1379 2023 1689 2089 confusio.
1770 2023 1909 2088 Nos
1956 2027 2173 2088 autem
2216 2045 2348 2088 non
2393 2023 2483 2088 sic
2529 2023 3008 2109 procedendum
3045 2029 3403 2109 putemne,

835 2136 966 2218 sed,
1017 2133 1556 2218 quemadmodum
1604 2155 1682 2196 ex
1733 2153 1863 2196 uno
1909 2131 1978 2196 in
2026 2131 2200 2195 aliud
2255 2130 2513 2196 facilius
2560 2133 2702 2217 quis
2758 2134 2903 2197 duci
2955 2136 3195 2217 potest,
3261 2154 3403 2197 nos

832 2241 1307 2328 intelligentiae
1383 2240 1738 2305 servientes
1806 2239 2031 2305 ordine
2108 2239 2484 2324 disciplinae
2560 2241 3203 2318 convenientissimo·
3254 2243 3403 2305 ista

833 2350 1236 2435 digessimus·
1333 2347 1516 2413 Unde
1562 2348 1702 2412 viso
1750 2347 1869 2411 sub
1915 2347 2224 2413 mediocri
2272 2347 2659 2434 cognitione,
2720 2349 2891 2433 quod
2937 2354 3073 2414 arte
3126 2348 3399 2414 factum

837 2461 953 2541 est,
1001 2457 1431 2521 instrumento
1477 2455 1773 2520 volumus
1818 2455 2113 2521 naturale
2165 2477 2283 2540 per
2326 2455 2501 2519 istud
2549 2455 2908 2521 elevatione
2968 2457 3275 2522 ordinata
3330 2461 3401 2520 et

839 2563 1243 2647 depositione
1312 2563 1600 2629 limatius
1671 2564 1941 2628 erudire.
2053 2567 2113 2645 (A
2156 2579 2221 2630 80
2269 2592 2391 2643 pag.
2430 2569 2511 2646 16)
2572 2564 2819 2629 Idcirco
2876 2586 3243 2647 monemus,
3318 2569 3399 2627 ut

840 2677 1065 2737 teneat
1110 2673 1305 2754 dis-(A
1337 2688 1398 2739 81
1434 2701 1558 2752 pag.
1593 2675 1833 2754 16)cens
1892 2695 1931 2736 a
1986 2671 2175 2736 nobis
2234 2670 2476 2736 factum
2535 2675 2683 2737 ante
2740 2694 2810 2737 se
2868 2671 3391 2750 monochordum

838 2781 1335 2865 percutiensque
1383 2778 1690 2845 chordam
1733 2800 1958 2844 vocem
2006 2778 2261 2845 emittat
2302 2779 2403 2843 illi
2447 2780 2804 2844 unisonam.
2881 2780 3134 2845 Deinde
3168 2780 3390 2867 digito

844 2889 1251 2972 superposito
1295 2889 1365 2952 in
1411 2888 1693 2952 secunda
1745 2886 1968 2952 littera
2023 2886 2271 2952 scilicet
2314 2888 2351 2951 b
2395 2889 2826 2971 comprimens
2871 2887 3176 2954 chordam
3233 2911 3388 2954 cum

837 2996 1020 3083 ligno
1065 2995 1561 3080 percutiensque
1611 2996 1887 3078 desuper
1932 2994 2236 3060 chordam
2284 2995 2427 3060 soni
2459 2996 2837 3080 qualitatem
2881 3000 3095 3078 notet;
3144 2996 3383 3061 deinde

837 3105 978 3188 ipse
1033 3125 1256 3168 vocem
1314 3104 1569 3167 emittat
1623 3101 1901 3167 chordae
1962 3124 2121 3167 sono
2178 3102 2519 3168 unisonam
2576 3109 2641 3168 et
2694 3104 3048 3188 aequalem.
3139 3104 3227 3169 Et
3284 3106 3383 3169 sic

839 3211 1128 3277 seriatim
1173 3233 1290 3295 per
1336 3210 1496 3275 alias
1541 3210 1794 3275 litteras
1842 3211 2194 3275 ascendens
2223 3232 2426 3294 usque
2474 3211 2555 3276 ad
2600 3233 2823 3276 mesen
2853 3232 3077 3276 vocem
3124 3212 3381 3276 emittat

845 3341 918 3383 ac
968 3320 1193 3384 eodem
1237 3319 1430 3383 modo
1475 3318 1783 3389 remittat.
1880 3317 1986 3383 Sic
2047 3319 2234 3391 enim,
2264 3318 2346 3383 ab
2400 3341 2783 3403 unaquaque
2837 3318 3056 3383 littera
3102 3319 3179 3383 ad
3238 3318 3376 3384 eius

843 3432 1139 3493 octavam
1184 3427 1398 3492 facere
1443 3427 1702 3510 poterit.
1781 3425 1912 3490 Sed
1958 3425 2261 3510 quoniam
2308 3431 2566 3510 oportet
2612 3427 3050 3492 addiscentem
3095 3428 3369 3507 credere,

847 3534 1142 3599 volumus
1203 3534 1586 3599 erudiendos
1635 3533 2015 3618 quibusdam
2074 3533 2332 3619 legibus
2378 3539 2704 3599 coarctare
2762 3535 2873 3616 ita,
2936 3535 3107 3619 quod
3162 3557 3289 3600 non
3336 3558 3374 3599 a

844 3641 1069 3727 quavis
1114 3641 1334 3706 littera
1364 3643 1518 3706 sed4
1549 3665 1587 3706 a
1630 3641 1851 3706 littera
1881 3663 1914 3706 c
1943 3663 2145 3726 usque
2179 3643 2258 3706 ad
2291 3641 2466 3706 aliud
2510 3664 2543 3706 c
2586 3642 2889 3707 inchoare
2919 3643 3368 3728 praecipimus;

844 3772 964 3814 nec
1008 3753 1281 3837 tangent
1323 3749 1603 3832 primum
1650 3759 1681 3826 b
1725 3749 1842 3814 sed
1886 3750 2239 3841 secundum
2274 3741 2332 3833 ξ,
2383 3750 2555 3834 quod
2598 3753 2754 3814 tono
2802 3750 2998 3814 distat
3042 3751 3123 3815 ab
3156 3772 3196 3814 a
3238 3756 3369 3815 tam

843 3859 914 3921 in
961 3879 1231 3922 ascensu
1278 3879 1470 3941 quam
1516 3856 1584 3920 in
1633 3857 1963 3921 descensu.
2058 3856 2189 3922 Sed
2234 3857 2405 3922 dicet
2451 3856 2620 3941 quis:
2680 3857 2833 3942 quid
2875 3857 3195 3941 proferam
3238 3881 3363 3940 ore,

845 3964 1115 4029 verbum
1161 3987 1242 4028 an
1299 3986 1528 4028 sonum
1583 3969 1879 4029 tantum?
1946 3964 2263 4044 Dicimus,
2323 3965 2493 4049 quod
2549 3986 2681 4029 non
2738 3964 2939 4030 refert
2995 3965 3199 4048 prima
3248 3987 3365 4029 nec

844 4073 1125 4137 secunda
1169 4072 1326 4154 vice,
1376 4077 1591 4136 utrum
1634 4073 1903 4138 duorum
1948 4073 2207 4150 feceris;
2256 4074 2369 4138 sed
2414 4072 2625 4138 solum
2671 4094 2864 4139 sonos
2910 4078 3247 4139 connotare
3290 4095 3364 4138 ac

1021 4403 1041 4440 ²
1078 4399 1542 4456 conclusisemus.
1637 4439 1643 4450 .

1019 4489 1041 4526 ²
1076 4487 1128 4540 A
1151 4486 1221 4540 80
1253 4486 1386 4542 ista.

1017 4574 1042 4613 8
1076 4572 1202 4628 ile.'

1018 4660 1044 4698 ⁴
1080 4661 1130 4714 A
1165 4659 1235 4714 80
1269 4660 1510 4717 scilicet.
