3592 5509
1338 379 1770 443 ..81-

285 556 356 616 ut
399 551 801 617 Johannes
849 553 934 618 de
980 551 1249 618 Muris¹
1298 552 1474 635 dicit,
1521 552 1674 637 quia
1716 551 1976 616 trinitas
2019 550 2089 615 in
2127 551 2359 616 divinis
2395 555 2462 616 et
2504 551 2574 617 in
2611 553 2830 618 anima

283 660 702 725 intellectiva.
795 660 965 726 Nam
1024 659 1312 724 defectus
1372 663 1474 724 est
1520 658 1590 724 in
1641 656 2012 724 matheseos
2068 658 2426 742 disciplinis
2481 683 2598 743 per
2652 683 2827 727 com-

283 769 691 852 parationem
740 768 955 853 aliqua
998 769 1292 852 probare.
1378 767 1553 832 Ista2
1596 767 1873 832 mutatio
1921 771 2107 831 terna
2153 768 2461 851 corporiS,
2509 768 2825 836 dimensio

282 876 603 941 linearum
649 875 1120 961 aliquantulum
1166 880 1266 940 est
1278 875 1625 971 naturalis.
1704 873 1836 940 Sed
1859 879 1883 920 3
1925 878 2146 939 tamen
2179 897 2323 940 eam
2357 876 2553 941 etiam
2584 877 2827 962 impro-

284 984 541 1066 bamus,
621 984 927 1068 quoniam
994 984 1222 1076 eodem
1287 983 1481 1048 modo
1548 983 1840 1047 senarius
1905 981 2082 1065 prior
2151 987 2217 1047 et
2281 982 2632 1067 perfectior
2701 985 2828 1050 dici

284 1090 544 1174 poterit,
596 1091 747 1176 quia
791 1114 904 1156 sex
933 1091 1189 1176 punctis
1233 1090 1616 1156 terminatur
1662 1095 1728 1155 et
1754 1094 2066 1173 punctum
2111 1090 2288 1174 prius
2337 1095 2436 1155 est
2477 1090 2547 1156 in
2575 1092 2828 1157 mathe-

285 1200 525 1264 matica
572 1200 1023 1266 abstractione.
1090 1200 1321 1264 Ratio4
1364 1221 1535 1278 vero,
1586 1221 1778 1284 quam
1823 1199 2138 1264 tradimus
2180 1220 2319 1281 nos,
2368 1199 2832 1266 mathematica

288 1311 405 1390 est,
454 1306 703 1372 scilicet
740 1307 912 1391 quod
931 1313 957 1352 ⁵
998 1307 1323 1390 perfectus
1353 1329 1659 1372 numerus
1690 1306 1926 1371 dicitur
1955 1307 2296 1389 ternarius,
2345 1308 2649 1391 quoniam
2679 1330 2829 1393 par-

285 1413 461 1479 tibus
510 1413 813 1499 aliquotis
862 1417 927 1480 et
973 1415 1185 1499 quotis
1242 1414 1435 1479 simul
1479 1414 1753 1498 sumptis
1803 1419 1902 1478 est
1947 1413 2252 1499 aequalis,
2345 1415 2616 1480 Excedit
2672 1437 2829 1501 ergo

284 1523 615 1587 senarium
678 1522 748 1587 in
815 1522 1243 1606 perfectione3
1314 1545 1467 1586 nam
1526 1544 1675 1606 pars
1738 1527 1938 1606 quota
1999 1522 2234 1588 dicitur
2279 1523 2612 1606 quaelibet
2676 1545 2826 1607 pars

282 1628 458 1694 infra
523 1630 737 1713 ipsum
796 1652 1135 1696 numerum
1206 1634 1537 1713 contenta,
1608 1629 1780 1714 quod
1844 1631 2053 1695 omnis
2115 1651 2269 1716 ergo
2328 1652 2478 1713 pars
2542 1630 2834 1716 aliquota

283 1741 507 1821 potest
552 1737 679 1801 dici
735 1741 950 1821 quota,
1009 1760 1141 1804 non
1194 1742 1414 1803 tamen
1473 1760 1506 1801 0
1562 1742 1806 1803 contra.
1900 1736 2174 1814 Quando.
2233 1737 2436 1824 igitur
2493 1737 2709 1824 aliqua
2759 1739 2832 1802 in

286 1843 433 1908 aliis
480 1843 767 1908 scientiis
808 1845 1047 1909 debent
1088 1844 1369 1927 probari,
1420 1843 1501 1908 ad
1529 1843 2026 1909 mathematicas
2055 1865 2319 1909 necesse
2367 1849 2467 1910 est
2494 1851 2831 1911 recurrant
2937 1933 2942 1940 ἡ

285 1953 891 2035 demonstrationeS,
942 1953 1245 2038 quoniam
1289 1952 1395 2017 hic
1442 1953 1937 2036 demonstratur,
1985 1952 2121 2017 illic
2166 1956 2384 2016 autem
2431 1954 2830 2037 comparatio

286 2059 584 2125 sufficiet.
676 2060 784 2125 Illi
827 2060 1044 2147 igitur,
1104 2061 1211 2143 qui
1263 2060 1333 2124 in
1384 2059 1631 2124 musica
1683 2059 2152 2143 perfectionem
2207 2059 2430 2125 dicunt
2482 2083 2599 2144 per
2657 2083 2832 2127 com-

283 2168 712 2251 parationem,
758 2168 1224 2252 perfectionem
1279 2188 1461 2232 suam
1507 2166 1809 2232 auferunt
1865 2169 1945 2233 ab
2004 2151 2097 2246 ea.
2189 2169 2367 2232 Haec
2426 2169 2504 2232 de
2559 2190 2830 2234 numero

281 2274 597 2358 perfecto.

463 2383 889 2467 Imperfectus
937 2388 1151 2448 autem
1182 2405 1485 2446 numerus
1530 2382 1765 2446 dicitur
1809 2382 2116 2462 binarius,
2167 2382 2318 2466 quia
2350 2405 2467 2465 per
2511 2383 2831 2447 unitatem

285 2490 489 2555 distat
533 2515 571 2555 a
615 2491 1041 2575 perfectione;
1104 2492 1218 2555 sed
1285 2490 1655 2568 diminutust,
1735 2490 1888 2575 quia
1953 2512 2070 2573 per
2135 2490 2474 2569 binarium,
2556 2490 2665 2575 qui
2726 2492 2832 2554 vix

282 2621 594 2664 numerus
642 2600 768 2664 dici
815 2584 1096 2677 deberet,
1146 2598 1271 2662 nisi
1318 2599 1469 2682 quia
1511 2599 1579 2662 in
1622 2597 1745 2662 hac
1775 2597 2088 2662 facultate
2119 2597 2382 2662 notulae
2424 2597 2828 2684 franguntur,

238 2761 251 2772 .
286 2712 353 2771 et
396 2729 517 2790 per
559 2711 923 2790 respectum
971 2707 1051 2771 ad
1084 2707 1240 2771 duas
1271 2707 1654 2770 medietates
1686 2727 1911 2770 verum
1942 2705 2211 2770 tenebit.
2234 2706 2316 2789 (Ρ)
2375 2705 2584 2770 Aliter
2617 2710 2834 2771 autem

282 2815 355 2878 in
404 2813 815 2879 arithmetica
878 2814 1141 2898 ponitur
1193 2835 1496 2878 numerus
1541 2813 1811 2897 triplex:
1875 2812 2202 2897 perfectus
2271 2813 2536 2893 scilicet,
2608 2837 2834 2898 super—

283 2921 454 2986 fluus
502 2927 568 2986 et
613 2923 966 2986 diminutus
1025 2944 1141 3005 per
1194 2922 1742 3005 comparationem
1800 2922 1880 2985 ad
1935 2924 2156 3004 partes
2214 2920 2552 3006 aliquotas.
2645 2922 2833 2987 Unde

285 3029 609 3108 8011011118,
674 3031 855 3095 0111118
909 3033 1126 3113 partes
1185 3028 1508 3113 aliquotae
1569 3033 1719 3092 sunt
1778 3029 1836 3090 1.
1886 3027 1944 3091 2.
1993 3027 2052 3107 3,
2115 3050 2277 3113 quae
2340 3029 2532 3093 simul
2576 3031 2833 3094 iunctae

286 3138 617 3202 senarium
670 3137 947 3222 implent
1012 3159 1131 3201 nec
1188 3137 1518 3216 excedunt,
1585 3135 1822 3199 dicitur
1878 3135 2222 3219 perfectus.
2316 3135 2446 3200 Sed
2495 3136 2593 3209 12,
2653 3137 2834 3201 0111118

283 3249 507 3328 partes
568 3246 622 3308 1.
675 3245 733 3308 2.
788 3244 846 3308 3.
891 3245 951 3308 4.
997 3244 1037 3307 6
1098 3244 1288 3312 81111111
1320 3248 1459 3327 (pag.
1497 3249 1587 3323 66)
1626 3247 1925 3326 sumptae
1985 3266 2172 3308 suum
2228 3248 2440 3308 totum
2497 3245 2831 3324 excedunt,

286 3353 649 3436 superfluus
694 3352 988 3431 habetur,
1039 3352 1388 3416 diminutus
1434 3357 1737 3416 numerus
1787 3350 1888 3428 10,
1940 3352 2091 3437 quia
2138 3351 2276 3415 eius
2321 3355 2540 3434 partes
2586 3351 2837 3418 scilicet

291 3460 346 3524 1.
384 3460 443 3523 2.
479 3461 521 3524 5
554 3460 634 3524 ad
678 3460 879 3525 totius
926 3482 1241 3524 summam
1286 3481 1415 3530 non
1455 3459 1789 3538 accedunt,
1843 3463 1908 3522 et
1952 3458 1993 3522 8
2025 3458 2338 3538 similiter,
2390 3459 2570 3523 cuius
2614 3464 2836 3543 partes

287 3567 540 3633 scilicet
598 3569 653 3632 1.
700 3567 758 3632 2.
805 3568 846 3631 4
891 3572 1139 3651 septem
1204 3589 1335 3632 non
1392 3567 1725 3631 excedunt.
1833 3566 2062 3651 Itaque
2124 3566 2333 3631 omnis
2404 3567 2837 3652 inaequalitas

287 3680 402 3740 aut
446 3675 517 3739 in
560 3675 935 3755 maioribuS,
986 3679 1097 3740 aut
1138 3676 1208 3739 in
1236 3674 1592 3740 minoribus
1623 3673 1923 3738 terminis
1955 3674 2416 3739 consideratur.
2508 3675 2617 3738 Illi
2665 3675 2838 3740 enim

285 3784 720 3849 immoderata
774 3784 1244 3868 quodammodo
1300 3781 1701 3865 plenitudine
1757 3778 2006 3864 proprii
2063 3782 2348 3864 corporis
2408 3782 2838 3866 quantitatem

285 3893 574 3976 partium
619 3913 880 3956 suarum
924 3890 1386 3955 numerositate
1435 3889 1777 3956 excellunt.
1871 3889 2042 3953 Istos
2075 3893 2290 3953 autem
2335 3889 2514 3954 velut
2557 3912 2838 3974 pauper—

287 4003 428 4064 tate
474 4000 703 4082 inopes
750 4019 1219 4083 oppressosque
1266 3997 1541 4082 quadam
1584 4001 1856 4061 naturae
1905 4019 2059 4061 suae
2112 3996 2332 4080 inopia
2385 3997 2598 4062 minor
2643 4019 2838 4082 quam

288 4106 419 4191 ipsi
478 4106 609 4172 sint
666 4107 948 4192 partium
1002 4127 1252 4170 summa
1307 4105 1652 4188 componit.
1758 4103 1888 4168 Sed
1936 4105 2013 4168 de
2060 4105 2161 4168 his
2206 4103 2538 4169 hactenus.
2650 4105 2837 4169 Nunc

290 4236 448 4279 vero
497 4214 895 4279 differentias
940 4236 1351 4278 numerorum
1398 4212 1795 4297 colligamus

472 4496 491 4532 1
527 4491 657 4562 vgl.
693 4491 1042 4547 Johannes
1083 4491 1161 4546 de
1199 4489 1440 4553 Muris,
1481 4488 1972 4558 Musicapractica
2007 4487 2342 4557 (Gerbert,
2381 4487 2703 4558 Scriptores
2730 4489 2840 4557 III,

285 4580 396 4635 292
415 4580 453 4634 b
479 4578 572 4644 ff.).
1557 4629 1560 4634 .

468 4667 493 4704 ²
526 4666 558 4719 Ι
580 4683 630 4720 a.
944 4664 969 4702 ³
1004 4662 1101 4718 sic.
1413 4663 1437 4700 ⁴
1471 4661 1769 4720 rationem.
1986 4704 1991 4710 .
2085 4663 2110 4702 ⁵
2145 4660 2298 4730 quia.

396 4768 603 4810 Beihefto
630 4769 707 4810 der
734 4767 849 4810 me.
890 4767 945 4808 11.
2388 4767 2422 4819 6
