3592 5509
1821 390 2296 454 ...100-

784 564 993 652 prima
1023 587 1147 630 vox
1191 563 1327 629 sive
1373 563 1613 628 chorda
1642 585 1700 646 a,
1750 563 2032 629 secunda
2061 585 2214 629 vero
2259 564 2469 649 prima
2513 553 2545 628 b
2579 565 2752 630 idest
2787 566 2996 650 prima
3039 550 3076 628 ἰ)
3109 567 3309 632 mollis

786 669 1143 740 coniuncta.
1215 672 1338 737 Hic
1385 672 1557 736 enim
1600 671 1910 736 transitus
1956 672 2166 737 bonus
2213 677 2329 755 est,
2379 672 2683 757 quoniam
2726 686 2844 757 per
2889 674 3308 758 semitonium,

786 783 959 868 quod
1004 779 1403 866 symphoniis
1450 780 1810 864 adaptatur,
1860 779 2098 845 distare
2141 779 2317 844 visae
2365 786 2528 845 sunt.
2609 781 2741 846 Sed
2785 804 2824 845 a
2866 782 3076 865 prima
3121 770 3154 848 b
3187 783 3252 846 in
3279 783 3310 846 b

783 885 1095 951 transitus
1154 906 1285 949 non
1345 885 1445 968 fit,
1509 883 1812 968 quoniam
1871 883 2036 948 illud
2091 883 2506 949 semitonium
2561 906 2691 949 non
2758 889 3082 968 cantatur,
3153 888 3311 970 quod

786 998 1088 1079 apotome
1145 997 1443 1058 vocatum
1501 996 1614 1057 est.
1707 991 1766 1056 A
1814 1013 1940 1074 qua
1983 992 2020 1054 b
2061 991 2133 1056 in
2175 1013 2210 1058 c
2263 992 2506 1058 bonum
2561 992 2976 1058 semitonium
3029 999 3145 1077 est,
3190 997 3312 1060 med

786 1125 825 1166 a
870 1123 903 1166 c
944 1101 1016 1166 in
1067 1101 1277 1186 prima
1320 1090 1657 1183 &malum3
1716 1100 1797 1165 ab
1843 1098 1970 1164 ista
2029 1099 2099 1163 in
2151 1101 2197 1164 d
2245 1100 2517 1183 bonum,
2577 1123 2616 1164 a
2673 1122 2798 1184 qua
2849 1100 2920 1165 in
2975 1091 3312 1166 secundab

786 1209 1085 1274 simfliter
1128 1209 1398 1288 bonum3
1462 1231 1499 1272 a
1546 1230 1670 1292 qua
1712 1207 1783 1271 in
1829 1228 1861 1270 e
1904 1206 2165 1290 malum,
2223 1208 2337 1272 sed
2393 1209 2476 1272 ab
2521 1229 2552 1272 e
2591 1207 2661 1272 in
2706 1208 2750 1292 f
2792 1209 3050 1274 bonum.
3141 1209 3240 1274 Ab
3281 1209 3321 1292 f

785 1319 939 1382 'vero
967 1316 1378 1382 'in'secunda
1421 1305 1455 1391 h
1490 1315 1751 1397 malum,
1801 1314 1914 1379 sed
1961 1316 2042 1380 ab
2085 1314 2215 1379 ista
2256 1315 2327 1379 in
2365 1337 2408 1399 9
2451 1317 2711 1398 bonum,
2763 1338 2801 1380 a
2847 1338 2974 1400 qua
3015 1316 3085 1381 in
3128 1316 3312 1380 tertia

786 1414 822 1486 b
858 1425 1157 1490 similiter
1199 1425 1457 1489 bonum.
1528 1424 1587 1486 A
1615 1422 1813 1494 tertia
1842 1411 1876 1477 b
1910 1422 1980 1487 in
2007 1425 2052 1487 h
2080 1423 2341 1507 malum,
2390 1423 2472 1488 ab
2500 1425 2545 1487 h
2572 1423 2642 1488 in
2670 1425 2699 1488 i
2727 1424 2861 1488 sive
2891 1424 2960 1489 in
2997 1413 3028 1486 b
3059 1425 3306 1505 bonum,

784 1533 869 1597 ab
905 1516 937 1592 [²
980 1532 1051 1596 in
1094 1524 1128 1612 h}
1164 1531 1404 1596 malum
1453 1534 1518 1595 et
1549 1530 1870 1614 deinceps
1945 1529 2049 1595 Ad
2091 1531 2261 1595 hunc
2291 1532 2554 1595 modum
2596 1530 2666 1595 in
2711 1531 2844 1596 suis
2877 1531 3120 1598 octavis
3150 1532 3312 1596 mala

783 1640 993 1723 malis,
1039 1641 1212 1705 bona
1254 1661 1407 1704 vero
1452 1639 1642 1703 bonis
1688 1638 2211 1721 correspondent.

959 1746 1297 1811 Transitus
1344 1750 1559 1810 autem
1604 1750 1907 1810 tonorum
1959 1746 2277 1810 bonorum
2333 1749 2525 1830 atque
2578 1746 2965 1828 malorum*,
3031 1745 3139 1830 qui
3189 1767 3314 1810 non

785 1855 869 1920 ad
923 1859 1298 1939 sequentem
1354 1853 1467 1918 sed
1520 1874 1649 1917 una
1704 1853 1979 1938 [scilicet
2034 1858 2212 1935 voce]
2278 1875 2532 1938 semper
2581 1853 2652 1917 in
2711 1853 2836 1919 hoc
2890 1853 3312 1918 instrumento

783 1963 998 2028 medio
1046 1962 1309 2028 dimissa
1350 1961 1442 2045 fit,
1490 1961 1581 2026 sic
1628 1954 2014 2026 declaratur:
2092 1960 2195 2026 Ab
2240 1983 2282 2025 a
2323 1961 2393 2025 in
2438 1962 2474 2025 b
2517 1965 2708 2026 tonus
2749 1962 2958 2027 bonus
3005 1966 3123 2044 est,
3170 1960 3314 2044 quia

788 2095 865 2136 ex
910 2070 1252 2136 semitonio
1297 2069 1527 2134 maiori
1572 2073 1766 2154 atque
1811 2069 2046 2134 minori
2101 2069 2526 2153 componitur,
2583 2073 2648 2134 et
2693 2091 2732 2134 a
2782 2069 2994 2153 prima
3038 2056 3070 2134 b
3105 2068 3314 2133 mollis

782 2179 1125 2268 coniuncta
1166 2178 1238 2243 in
1281 2199 1315 2243 c
1345 2174 1657 2242 similiter.
1735 2177 1984 2242 Eodem
2027 2179 2219 2242 modo
2267 2201 2305 2242 a
2348 2174 2569 2242 littera
2597 2178 2633 2241 b
2675 2177 2743 2242 in
2774 2177 2982 2261 prima
3017 2181 3077 2260 η,
3127 2199 3164 2240 a
3195 2198 3314 2260 qua

782 2288 865 2373 ad
918 2286 1265 2352 secundam
1310 2273 1345 2345 17
1377 2285 1605 2349 malus.
1702 2283 1953 2350 Eodem
2005 2285 2199 2350 modo
2255 2309 2293 2350 a
2349 2287 2629 2351 secunda
2671 2277 2706 2364 Π
2743 2286 2824 2350 ad
2877 2285 3140 2350 tertiam
3183 2268 3220 2344 17
3255 2289 3318 2350 et

779 2389 869 2460 in'
896 2395 1028 2459 suis
1076 2393 1318 2460 octavis
1364 2393 1772 2458 similiter**.
1853 2391 2072 2458 Ceteri
2100 2415 2254 2458 vero
2286 2393 2596 2459 transitus
2627 2398 2928 2459 tonorum
2959 2415 3089 2457 una
3115 2393 3316 2457 inter-

780 2497 980 2586 missa
1026 2525 1279 2586 semper
1326 2500 1566 2587 singuli
1612 2505 1762 2565 sunt
1815 2500 1987 2566 boni.
2081 2501 2554 2568 Trihemitonia
2612 2523 2764 2566 vero
2821 2502 3068 2566 duabus
3119 2500 3319 2565 inter-

781 2611 997 2700 missis
1041 2611 1281 2695 ubique
1329 2614 1478 2674 sunt
1522 2610 1713 2692 bona,
1758 2609 1888 2674 nisi
1933 2631 2078 2674 cum
2126 2609 2282 2675 ordo
2330 2609 2745 2675 accidentalis
2792 2609 2980 2674 alteri
3026 2608 3319 2674 acciden-

783 2719 902 2784 tali
959 2719 1289 2803 miscetur,
1346 2722 1419 2783 ut
1476 2741 1514 2782 a
1567 2717 1776 2802 prima
1828 2706 1966 2782 bin
2021 2717 2232 2801 prima
2275 2708 2309 2792 H
2349 2722 2412 2783 et
2467 2741 2505 2782 a
2557 2719 2838 2784 secunda
2890 2705 3041 2782 bad
3093 2739 3320 2782 secun-

782 2828 932 2908 dam
969 2819 1017 2906 H.
1110 2826 1393 2911 Ideoque
1448 2827 1645 2892 tertia
1688 2814 1889 2891 bnon
1944 2833 2044 2892 est
2096 2826 2269 2891 bona
2323 2848 2468 2890 cum
2503 2815 2554 2907 h.
2646 2825 2924 2892 Ditonus
2977 2847 3152 2908 vero,
3210 2824 3320 2908 qui

782 2925 1069 3022 quatuor
1101 2933 1175 2999 fit
1215 2934 1621 3041 intermissiS,
1670 2934 1912 3018 ubique
1959 2938 2058 2999 est
2101 2934 2329 3017 bonus,
2385 2933 2511 2998 nisi
2557 2956 2595 2998 a
2638 2933 2859 2998 littera
2902 2934 2938 2997 b
2979 2933 3050 2998 in
3095 2954 3323 2997 secun-

782 3044 932 3107 dam
976 3030 1011 3105 {7
1048 3045 1113 3106 et
1145 3065 1182 3107 a
1210 3036 1421 3126 prima
1465 3033 1551 3120 ξ’
1531 3064 1601 3105 111
1645 3042 1689 3126 f
1722 3062 1843 3105 nec
1875 3041 1957 3105 ab
2003 3063 2034 3104 e
2075 3040 2146 3105 in
2175 3041 2436 3106 tertiam
2482 3033 2513 3103 b
2547 3063 2668 3106 nec
2715 3065 2753 3106 a
2791 3041 3071 3106 secunda
3115 3032 3202 3120 ξ’
3180 3063 3254 3104 111
3288 3027 3322 3099 b

782 3151 887 3216 vel
928 3151 999 3215 in
1042 3152 1071 3214 i
1117 3154 1183 3215 et
1224 3148 1366 3214 ita
1345 3172 1416 3214 1n
1444 3148 1717 3214 istorum
1748 3148 2009 3214 octavis.
2087 3148 2510 3214 Diatessaron
2539 3170 2714 3233 vero,
2763 3172 2926 3234 quae
2958 3150 3039 3214 ad
3069 3153 3323 3214 sextam

778 3259 852 3323 in
880 3257 1004 3324 hoc
1047 3257 1476 3323 instrumento
1507 3256 1581 3321 fit
1626 3278 1882 3341 semper
1911 3279 2153 3340 vocem,
2200 3256 2438 3341 ubique
2479 3261 2577 3322 est
2605 3258 2776 3323 bona
2806 3257 2933 3322 nisi
2977 3281 3016 3322 a
3058 3257 3254 3323 tertia
3289 3244 3329 3316 b

779 3366 851 3430 in
894 3365 1155 3431 tertiam
1200 3359 1231 3444 η
1272 3370 1337 3430 et
1379 3365 1449 3429 in
1480 3364 1611 3428 suis
1645 3364 1906 3430 octavis
1985 3364 2308 3448 Diapente
2340 3387 2514 3449 vero,
2563 3387 2726 3450 quae
2771 3365 2845 3430 fit
2889 3366 2972 3430 ad
3002 3372 3325 3449 octavam,

727 3518 731 3522 »
780 3460 1022 3558 ubique
1072 3477 1169 3539 est
1212 3474 1386 3539 bona
1422 3477 1681 3557 praeter
1712 3494 1905 3556 quam
1937 3497 1974 3537 a
2004 3473 2213 3557 prima
2248 3463 2316 3554 Ψ
2366 3474 2608 3557 quadro
2653 3473 2722 3537 in
2765 3473 3027 3562 tertiam
3052 3464 3112 3554 b,
3165 3495 3332 3558 quo-

779 3583 957 3688 niam
1012 3582 1093 3646 ad
1147 3585 1440 3665 quartam
1485 3563 1655 3645 best
1710 3574 2010 3665 diapente
2067 3581 2374 3665 perfecta.
2466 3581 2564 3646 De
2620 3586 2802 3646 sexta
2853 3603 3006 3647 vero
3061 3581 3328 3665 minori,

782 3676 947 3774 quae
980 3689 1061 3754 ad
1090 3710 1328 3754 nonam
1374 3710 1626 3772 semper
1668 3688 1743 3752 fit
1772 3689 2095 3770 chordam,
2147 3689 2312 3754 sicut
2358 3689 2435 3754 de
2481 3689 2673 3754 tertia
2701 3689 2936 3754 minori
2981 3689 3326 3754 sentimus,

790 3895 795 3902 ’
850 3911 856 3916 ’
916 3897 976 3940 1
1010 3902 1068 3955 b.

953 3989 985 4026 *
1019 3987 1177 4042 Haec
1225 3986 1303 4041 sit
1348 3986 1539 4041 brevis
1588 3986 1908 4042 conciusio:
1959 3986 2364 4042 Omnis-tonus
2411 3987 2474 4041 in
2511 3987 2726 4044 chorda
2761 3988 3102 4058 dispositus,
3153 3990 3332 4046 cuius

780 4073 1023 4133 extremi
1060 4073 1187 4128 soni
1221 4073 1621 4142 sesquioctava
1652 4073 2028 4144 proportione
2054 4074 2290 4129 adducti
2315 4073 2606 4144 incipiunt
2631 4092 2831 4130 sonum
2859 4075 3336 4146 distinguentem

782 4163 894 4216 duo
942 4160 1177 4215 scilicet·
1210 4159 1479 4228 aequalia
1524 4159 1832 4215 semitonia
1877 4158 2081 4228 quovis
2126 4159 2320 4228 mod0,
2369 4162 2554 4215 bonus
2602 4163 2692 4215 est
2737 4163 2797 4216 et
2832 4163 3047 4228 rectus,
3087 4161 3334 4218 etiamsi

778 4246 1029 4314 extremi⁸
1059 4245 1185 4311 soni
1223 4245 1517 4300 coniuncti
1554 4246 1672 4301 sint
1707 4247 1828 4300 sive
1866 4246 2002 4299 ficti.

954 4333 1020 4368 *²⁸⁸
1056 4332 1119 4388 Si
1153 4332 1307 4387 mala
1343 4331 1653 4387 semitonia
1686 4332 1856 4386 malis
1881 4331 1942 4386 in
1969 4331 2088 4386 suis
2115 4333 2334 4388 octavis
2360 4336 2516 4388 recte
2543 4334 3010 4403 correspondent,
3039 4334 3338 4404 diapason

778 4420 1057 4491 optimam
1105 4419 1610 4474 consonantiarum
1655 4419 1988 4488 perficiunt,
2041 4435 2178 4488 ergo
2225 4419 2389 4475 bona.
2477 4419 2625 4474 Sunt
2671 4419 2824 4475 enim
2867 4420 2973 4474 illa
3009 4421 3338 4476 semitonia

776 4506 1011 4575 maiora,
1050 4523 1291 4575 quorum
1326 4504 1635 4560 intervalla
1670 4505 2062 4560 consonantiis
2089 4505 2464 4575 incipiuntur,
2503 4506 2654 4561 sicut
2678 4509 2739 4562 et
2762 4507 2984 4566 minora
3009 4508 3340 4564 semitonia.

776 4582 945 4648 bona.
1019 4591 1205 4647 Aliter
1241 4608 1435 4646 omnes
1476 4592 1888 4646 consonantiae
1935 4596 2132 4648 essent
2175 4593 2550 4663 imperfectae
2594 4593 2687 4648 vel
2735 4593 3056 4663 superfluae
3103 4597 3165 4649 et
3203 4595 3334 4650 dis·-

777 4697 951 4734 sonae
990 4681 1165 4747 atque
1200 4678 1675 4733 indimensibileS.
