3592 5509
1337 417 1767 482 -57-

460 596 785 660 Deuterus
844 616 1007 660 vero·
1043 593 1271 658 modus
1326 591 1609 656 coleram
1661 592 1881 656 movet
1929 588 2260 654 incitando
2322 591 2387 652 et
2438 585 2521 651 ad
2571 585 2828 650 iracun-

289 706 462 771 diam
506 703 933 789 provocando.
1019 701 1178 766 Inde
1227 722 1383 786 ergo
1424 699 1620 786 igneo
1668 699 1882 764 colore
1931 696 2316 783 depingitur,
2367 694 2518 780 quia
2563 715 2825 760 severus

291 819 391 878 est
436 817 503 877 et
552 811 858 877 incitatus
918 810 987 874 in
1044 831 1236 874 cursu
1290 830 1408 874 suo
1460 807 1765 872 fortiores
1819 806 2068 871 habens
2114 805 2337 887 saltus,
2391 808 2466 869 ut
2509 824 2627 868 suo
2679 801 2826 867 loco

291 922 594 987 dicemus.
686 920 810 986 Hic
854 923 1046 984 tonus
1076 916 1449 982 hominibus
1479 915 1794 999 superbie,
1841 912 2166 979 iracundis
2213 915 2279 977 et
2326 911 2529 994 elatis,
2579 911 2827 995 asperis

292 1034 356 1095 et
386 1029 595 1094 saevis
635 1027 912 1092 maxime
954 1026 1276 1108 convenit,
1325 1028 1390 1089 et
1422 1045 1499 1089 eo
1551 1023 1855 1109 gaudent.
1932 1022 2034 1086 De
2079 1021 2203 1086 hoc
2235 1020 2392 1086 dicit
2435 1019 2822 1085 Boetius1:

291 1137 401 1222 qui
470 1135 829 1220 asperiores
900 1138 1075 1216 sunt,
1144 1133 1456 1198 Getarum
1513 1130 1880 1196 durioribus
1950 1129 2353 1195 delectantur
2404 1127 2639 1206 modis3
2717 1124 2828 1210 qui

288 1265 442 1310 vero
498 1241 847 1325 mansueti,
914 1241 1367 1306 mediocribus,
1461 1238 1822 1305 Boetius2
1895 1237 2020 1302 hoc
2087 1239 2242 1303 tono
2309 1235 2471 1301 dixit
2526 1235 2828 1299 iuvenem

288 1352 942 1416 Tauromenitanum3
986 1348 1345 1430 incitatum,
1392 1348 1487 1412 ita
1529 1351 1602 1412 ut
1631 1346 1831 1412 scorti
1874 1345 2050 1410 fores
2093 1343 2395 1430 frangere
2437 1343 2824 1430 accingeret,

290 1464 357 1524 at
387 1458 743 1544 hypodorio
788 1457 989 1522 fuisse
1036 1457 1347 1522 sedatum.
1423 1455 1581 1520 Eius
1612 1477 1767 1520 vero
1812 1452 2092 1540 plagalis
2121 1454 2292 1518 idest
2336 1456 2528 1518 tonus
2559 1455 2826 1536 quartus

291 1566 524 1631 dicitur
566 1565 863 1647 blandus,
909 1564 1225 1651 garrulus,
1283 1563 1725 1629 adulatoribus
1770 1561 2051 1627 maxime
2097 1561 2505 1643 conveniens,
2565 1561 2716 1644 quia
2756 1560 2828 1628 in

290 1675 661 1758 praesentia
690 1674 905 1739 verbis
950 1673 1207 1739 blandis
1251 1671 1547 1737 homines
1577 1671 1884 1754 mulcent,
1931 1671 2045 1734 sed
2088 1671 2157 1734 in
2189 1653 2484 1734 absentia
2510 1671 2826 1755 pungunt.

290 1784 393 1847 Ita
438 1781 545 1848 hic
596 1786 789 1847 tonus
833 1780 1089 1846 videtur
1144 1801 1283 1844 esse
1327 1779 1606 1844 lascivus
1664 1779 1804 1842 sine
1850 1781 2187 1854 venustate
2241 1788 2462 1844 tamen
2517 1783 2582 1842 et
2627 1801 2831 1862 quan-

291 1892 501 1975 doque
546 1890 918 1955 incitativus
964 1889 1315 1953 secundum
1358 1888 1723 1954 mixturam.

304 1983 313 1986 ’
463 1997 681 2063 Tritus
736 2001 954 2062 autem
1008 2001 1234 2080 tropus
1303 1996 1663 2060 autenticus
1724 1995 2057 2080 sanguinis
2117 1994 2471 2060 dominium
2526 1995 2826 2060 obtinuit.

293 2106 451 2171 Ideo
497 2111 689 2170 tonus
733 2105 858 2170 iste
906 2127 945 2169 a
994 2104 1187 2171 beato
1232 2103 1689 2190 Augustino
1751 2103 1986 2168 dicitur
2030 2103 2452 2183 delectabilia,
2500 2103 2830 2168 modestus
2963 2131 2970 2136 ·

292 2218 357 2278 et
386 2212 631 2296 hilaris,
680 2213 900 2278 tristes
947 2217 1013 2277 et
1044 2212 1268 2278 anxios
1298 2211 1671 2294 laetificans,
1721 2211 1940 2296 lapsos
1973 2216 2039 2276 et
2080 2212 2455 2295 desperatos
2499 2233 2829 2277 revocans.

287 2321 445 2386 Ideo
490 2320 849 2406 sanguineo
903 2319 1117 2385 colore
1164 2319 1552 2405 depingitur.
1645 2319 1744 2384 De
1805 2318 1929 2385 hoc
1992 2320 2151 2385 dicit
2217 2319 2584 2402 Boetius,
2656 2321 2830 2404 quod

285 2428 491 2512 Lydii,
541 2428 651 2512 qui
695 2428 972 2493 maxime
1017 2428 1280 2493 iucundi
1326 2433 1477 2520 sunt
1537 2431 1603 2492 et
1644 2427 1823 2509 laeti,
1881 2427 2007 2492 hoc
2061 2427 2466 2492 delectantur
2523 2433 2588 2493 et
2639 2450 2828 2512 prae-

282 2537 513 2601 sertim
561 2558 783 2602 eorum
826 2535 1149 2618 muliereS,
1200 2559 1239 2600 a
1284 2535 1517 2621 quibus
1560 2536 1753 2600 Russi
1794 2535 2002 2601 exorti
2040 2536 2356 2618 dicuntur,
2407 2537 2518 2620 qui
2546 2536 2828 2600 maxime

289 2645 542 2710 choreis
588 2649 655 2710 et
712 2644 1167 2718 saltationibus
1214 2644 1637 2709 oblectantur.
1728 2644 1888 2708 Eius
1945 2664 2098 2708 vero
2164 2643 2442 2730 plagalis
2504 2649 2602 2709 est
2657 2644 2822 2728 piuS,

287 2739 723 2835 lacrimabiIiS,
773 2754 1161 2818 conveniens
1205 2751 1355 2836 illis,
1407 2753 1516 2836 qui
1562 2753 1640 2817 de
1686 2753 1862 2817 facili
1901 2757 2334 2837 provocantur
2379 2754 2460 2817 ad
2503 2751 2825 2834 lacrimas,

292 2863 445 2946 quia
487 2882 677 2927 voces
723 2859 926 2926 habet
968 2861 1247 2925 maxime
1281 2861 1695 2943 coadunatas,
1742 2865 1818 2925 ut
1862 2860 2112 2926 dicetur
2153 2859 2224 2924 in
2272 2861 2518 2926 eodem.
2643 2883 2653 2894 ·

464 2969 816 3033 Tetrardus
883 2990 1037 3033 vero
1106 2967 1469 3033 autenticus
1526 2973 1779 3051 partem
1842 2966 2042 3033 habet
2108 2968 2414 3034 lasciviae
2485 2972 2552 3033 et
2608 2969 2833 3034 iucun-

296 3077 515 3141 ditatis
560 3081 938 3161 partemque
983 3076 1380 3141 incitationis
1425 3076 1637 3141 varios
1682 3076 1932 3142 habens
1979 3077 2182 3142 saltus
2231 3081 2298 3141 et
2347 3099 2561 3143 mores
2615 3077 2835 3143 adole-

295 3184 580 3250 scentiae
603 3189 1117 3268 repraesentanS.
1164 3184 1321 3249 Ideo
1346 3182 1816 3250 melancholiae
1841 3184 2200 3249 dominium
2221 3189 2421 3268 tenet,
2449 3186 2831 3270 quandoque

294 3291 544 3358 scilicet
586 3293 913 3374 resistens,
965 3293 1347 3376 quandoque
1391 3313 1545 3357 vero
1591 3293 1920 3378 adaugens
1978 3297 2045 3357 et
2086 3291 2212 3358 hoc
2266 3295 2612 3358 secundum
2661 3316 2835 3359 com-

293 3401 693 3483 mixtionem,
742 3421 935 3484 quam
981 3422 1129 3466 cum
1172 3401 1317 3465 aliis
1362 3399 1537 3483 facit,
1586 3405 1659 3465 ut
1701 3400 1897 3484 paulo
1927 3407 2078 3485 post
2123 3401 2388 3466 dicetur.
2479 3402 2834 3485 Propterea

296 3508 475 3573 luteo
522 3507 739 3573 colore
788 3507 1282 3574 semicristalino
1331 3508 1717 3594 depingitur.
1807 3508 2094 3595 Plagalis
2139 3531 2294 3574 vero
2327 3509 2464 3574 eius
2510 3509 2724 3574 suavis
2772 3514 2837 3574 et

294 3620 581 3680 moratus
608 3620 801 3700 atque
832 3637 1127 3681 morosus
1150 3616 1501 3681 secundum
1524 3617 1788 3682 modum
1814 3617 2255 3700 discretorum,
2280 3621 2355 3681 ut
2382 3618 2835 3683 Ambrosius

293 3723 511 3788 refert.
603 3723 869 3788 Movent
926 3724 1127 3810 igitur
1184 3724 1497 3808 septimus
1568 3729 1634 3789 et
1689 3729 1954 3790 octavus
2021 3724 2518 3790 melancholiam
2573 3725 2837 3790 modulo

295 3852 413 3896 suo
459 3829 680 3895 tristes
724 3831 1022 3896 homines
1068 3836 1261 3916 atque
1306 3833 1611 3898 remissos
1657 3833 1739 3898 ad
1769 3833 2054 3898 medium
2093 3833 2487 3916 adducendO,
2533 3832 2838 3898 videlicet

296 3937 659 4003 autenticus
702 3938 1050 4022 incitando,
1098 3938 1375 4025 plagalis
1420 3962 1572 4005 vero
1615 3940 2025 4006 laetificando
2038 3947 2080 4006 4.

469 4045 568 4112 Ex
621 4045 725 4111 his
782 4046 985 4132 igitur
1045 4051 1229 4130 patet
1280 4047 1566 4113 musicae
1622 4049 2137 4114 instrumentalis
2202 4055 2268 4114 et
2319 4047 2639 4114 humanae
2686 4070 2838 4114 con-

298 4153 645 4219 venientia.
724 4153 914 4232 Quod
944 4159 1164 4219 autem
1194 4155 1440 4220 musica
1461 4156 1789 4220 mundana
1817 4177 1962 4221 cum
1984 4157 2463 4222 instrumentali
2492 4157 2838 4221 maximam

475 4457 491 4491 ¹
528 4452 770 4509 Ebenda
808 4454 910 4520 (ed.
949 4454 1257 4523 Friedlein‚
1293 4474 1348 4525 p.
1376 4455 1491 4523 181,
1521 4460 1689 4522 5-7).

470 4541 493 4577 2
527 4539 769 4596 Ebenda
806 4541 911 4606 (ed.
948 4539 1257 4609 Friedlein‚
1293 4560 1349 4611 p.
1377 4541 1497 4606 184,
1529 4550 1588 4596 10
1607 4543 1699 4608 ff.).

469 4628 494 4666 3
529 4627 1076 4683 tauronomitanum.

466 4715 491 4750 4
527 4712 911 4769 lectificando.
