3592 5509
1751 383 2188 478 520-

707 555 777 621 in
836 555 1124 622 litteram
1181 577 1214 621 c
1273 560 1555 639 acutam,
1619 555 1923 640 quoniam
1986 555 2273 639 perfecte
2342 576 2572 621 canere
2633 559 2889 623 docent.
2988 557 3145 622 Ideo
3210 579 3253 620 a

701 663 924 730 littera
984 684 1018 728 c
1070 668 1222 730 sunt
1270 663 1705 748 incipiendae,
1769 666 1923 748 quia
1976 668 2203 729 cantus
2262 665 2345 729 ab
2410 663 2637 729 eadem
2692 664 2916 730 littera
2976 664 3249 730 inchoat

705 777 772 836 et
815 770 1230 838 semitonium
1274 772 1554 855 primum
1599 773 1872 838 duorum
1924 776 2226 838 tonorum
2273 772 2594 837 clauditur
2645 773 3130 857 intercapedine
3180 777 3248 838 et

702 881 1054 946 secundum
1095 881 1269 944 inter
1313 881 1476 945 duo1
1523 881 1869 946 semitonia
1915 884 2121 946 sonat.
2200 879 2489 945 Primum
2531 879 2735 966 igitur
2782 885 2881 947 est
2922 903 2955 946 e
2996 882 3042 966 f
3073 881 3249 946 idest

703 994 812 1052 tur
845 1008 984 1073 per.
1077 987 1210 1052 Sed
1254 989 1407 1072 quia
1451 991 1803 1054 secundm
1847 988 2261 1054 semitonium
2308 989 2692 1074 quandoque
2736 989 2810 1054 fit
2856 1013 2894 1054 a
2935 988 3157 1054 littera
3202 1009 3249 1052 a

698 1095 768 1160 in
827 1083 876 1177 b,
949 1097 1334 1182 quandoque
1403 1120 1441 1161 a
1504 1096 1724 1161 littera
1789 1087 1823 1174 h
1878 1097 1949 1160 in
2016 1118 2050 1161 c
2116 1101 2372 1161 acutam
2433 1102 2700 1181 propter
2758 1096 3247 1163 tetrachordum

699 1226 1164 1289 synemmenon
1211 1208 1276 1269 et
1319 1204 1848 1291 diezeugmenon,
1901 1209 1962 1286 (A
1994 1221 2055 1273 81
2094 1233 2215 1283 pag.
2254 1205 2339 1290 17)
2371 1204 2523 1290 quia
2553 1210 2705 1270 sunt
2746 1205 2841 1270 ibi
2885 1205 3012 1270 tria
3042 1206 3242 1271 semi-—

698 1311 881 1377 tonia
926 1311 1182 1377 divisim
1226 1312 1457 1396 locata,
1504 1313 1632 1377 tria
1673 1312 1791 1377 illa
1835 1311 1982 1376 loca
2026 1311 2248 1377 littera
2288 1334 2325 1376 s
2370 1317 2521 1377 sunt
2566 1313 2892 1390 denotata,
2939 1312 3064 1378 hoc
3112 1316 3238 1377 est:

697 1442 811 1502 eea,
857 1422 936 1504 is,
983 1426 1099 1484 tas,
1192 1420 1310 1485 His
1358 1421 1597 1486 etenim
1642 1420 1909 1485 vocibus
1954 1442 2102 1485 cum
2156 1419 2414 1485 chordis
2469 1420 2886 1485 instrumenti
2942 1422 3243 1505 aequiso-

696 1529 1042 1594 nantibus2
1084 1528 1248 1610 fa-(A
1279 1544 1346 1594 80
1375 1557 1498 1608 pag.
1539 1528 1747 1610 17)cile
1803 1529 2160 1612 poterimus
2203 1529 2499 1594 naturale
2543 1529 3046 1594 instrumentum
3090 1552 3239 1594 cum

700 1659 803 1719 eo,
868 1637 1042 1721 quod
1098 1640 1237 1701 arte
1296 1635 1539 1701 factum
1600 1640 1722 1718 est,
1788 1637 2196 1701 concordare.
2304 1635 2492 1714 Quod
2554 1637 2611 1701 si
2672 1659 2865 1722 supra
2926 1637 3241 1721 diapason

698 1746 1006 1810 scandere
1037 1744 1352 1826 volumus,
1401 1745 1470 1808 in
1504 1744 1730 1808 eodem
1761 1766 1922 1809 sono
1944 1746 2112 1829 psal,
2160 1749 2235 1809 ut
2262 1744 2459 1828 prius,
2491 1745 2866 1811 locabimus.
2944 1745 3239 1810 Manebit

695 1857 914 1918 autem
956 1852 1350 1937 bisyllabum
1403 1873 1436 1916 c
1489 1851 1738 1916 scilicet
1797 1854 2068 1936 tas-psal
2121 1857 2187 1916 et
2240 1851 2531 1936 sequitur
2586 1874 2731 1918 cum
2786 1855 2832 1917 d
2872 1854 2923 1918 li
2966 1858 3031 1918 et
3085 1876 3233 1918 cum

694 1984 726 2026 e
771 1968 881 2026 tur
925 1965 991 2026 et
1033 1960 1284 2046 reliqua
1329 1959 1496 2026 sicut
1537 1959 1735 2043 prius,

869 2069 978 2134 Sic
1025 2073 1091 2135 et
1130 2068 1202 2133 in
1230 2067 1414 2154 gravi
1461 2066 1827 2132 faciendum
1860 2072 1975 2151 est,
2025 2068 2348 2152 quoniam,
2396 2073 2471 2133 ut
2515 2091 2708 2152 saepe
2742 2069 3037 2152 diximus,
3085 2074 3238 2154 post

697 2179 1007 2261 diapason
1051 2175 1411 2242 renascitur
1455 2195 1607 2255 vox3
1671 2180 1736 2240 et
1782 2177 2080 2260 quotiens
2137 2176 2309 2240 ultra
2355 2176 2668 2260 diapason
2720 2178 3235 2243 transcendimus

694 2287 800 2350 vel
862 2285 1335 2363 descendimus,
1401 2285 1642 2348 totiens
1699 2305 1924 2349 vocem
1992 2306 2394 2349 renovamus,
2502 2286 2603 2350 De
2660 2284 2763 2349 his
2830 2285 3033 2370 igitur
3085 2291 3235 2351 octo

693 2398 948 2458 tantum
995 2392 1289 2458 doctrina
1345 2397 1444 2456 est
1495 2396 1690 2456 recta.
1786 2390 1949 2457 Cum
2016 2414 2170 2479 ergo
2229 2393 2311 2456 ad
2366 2397 2662 2457 octavam
2716 2393 2807 2458 sic
2866 2395 3233 2480 graduatim

693 2505 998 2566 cantans³
1042 2500 1410 2584 pervenerit
1452 2499 1776 2578 chordam,
1830 2500 2072 2565 eisdem
2100 2501 2407 2586 gradibus
2454 2501 2847 2585 syllabisque
2895 2501 3227 2568 conversis

690 2609 1090 2693 pedetentim
1149 2630 1373 2672 vocem
1427 2609 1718 2672 remittat
1774 2612 1839 2672 et
1894 2613 2029 2672 tam
2089 2609 2198 2672 diu
2255 2607 2380 2674 hoc
2441 2609 2655 2688 faciat,
2724 2610 2927 2675 donec
2986 2611 3231 2694 absque

688 2715 1113 2781 monochordi
1181 2717 1596 2799 percussione
1667 2715 1840 2779 idem
1914 2716 2127 2781 facere
2208 2716 2641 2800 perdidicerit.
2757 2716 2900 2795 Quo
2965 2723 3231 2802 peracto

690 2826 926 2888 iterum
973 2847 1010 2888 a
1066 2824 1275 2907 prima
1321 2813 1795 2888 ad'secundam
1851 2825 2158 2889 ascendat
2212 2831 2278 2890 et
2332 2825 2567 2890 iterum
2614 2849 2653 2890 a
2695 2825 2905 2909 prima
2957 2827 3040 2891 ad
3094 2831 3232 2890 ter-

688 2933 848 2996 tiam
893 2931 1173 2996 mediate
1228 2954 1302 2996 ac
1355 2935 1585 3017 postea
1638 2932 2013 2997 immediate
2072 2932 2310 3016 psallat
2370 2938 2436 2998 et
2480 2957 2519 2998 a
2563 2935 2759 2998 tertia
2813 2935 2896 2998 ad
2952 2934 3229 3017 primam

688 3041 970 3104 mediate
1018 3043 1084 3104 et
1127 3043 1354 3123 postea
1398 3039 1772 3104 immediate
1833 3040 2196 3106 descendat.
2290 3041 2398 3105 Sic
2446 3045 2513 3106 et
2558 3064 2595 3105 a
2636 3025 2849 3125 prima
2903 3042 2984 3105 ad
3040 3063 3231 3126 quar-

687 3151 822 3212 tam
867 3148 1147 3213 mediate
1197 3153 1261 3212 et
1303 3151 1532 3230 postea
1574 3146 1949 3212 immediate
1993 3151 2128 3212 tam
2172 3147 2566 3213 intendendo
2600 3170 2792 3233 quam
2836 3149 3228 3226 remittendo

692 3279 764 3320 ac
812 3257 1039 3321 eodem
1083 3257 1274 3321 modo
1323 3278 1360 3319 a
1399 3255 1608 3339 prima
1653 3257 1733 3320 ad
1781 3256 2071 3340 quintam
2114 3257 2415 3338 mediate,
2466 3255 2697 3322 deinde
2741 3257 3113 3322 immediate
3159 3257 3231 3321 in

691 3364 1053 3429 elevatione
1102 3368 1168 3428 et
1213 3363 1615 3447 depositione
1661 3385 1731 3428 se
1777 3363 2036 3431 habeat.
2120 3363 2251 3429 Sed
2295 3365 2836 3448 quemadmodum
2882 3388 2950 3430 se
2980 3365 3231 3430 habuit

688 3495 725 3536 a
790 3473 1000 3556 prima
1066 3494 1268 3557 usque
1334 3472 1416 3536 ad
1478 3471 1770 3555 quintam
1836 3473 1906 3535 in
1972 3471 2334 3538 elevatione
2404 3477 2470 3537 et
2530 3473 2965 3556 depositione,
3035 3475 3128 3538 sic
3188 3497 3228 3538 a

687 3581 968 3645 secunda
1014 3581 1094 3644 ad
1149 3583 1414 3658 sextam,
1477 3603 1514 3644 a
1557 3580 1753 3644 tertia
1799 3581 1881 3645 ad
1926 3580 2268 3664 septimam
2325 3586 2390 3645 et
2436 3604 2473 3645 a
2520 3586 2747 3665 quarta
2805 3583 2885 3646 ad
2932 3588 3226 3647 octavam

683 3689 958 3753 iubilare
1003 3692 1324 3772 procuret.
1417 3688 1495 3752 In
1539 3687 1662 3752 hoc
1723 3693 1941 3752 autem
2001 3689 2304 3753 exercitio
2364 3711 2619 3774 semper
2674 3691 2744 3753 in
2799 3690 3021 3774 quinta
3065 3713 3225 3755 voce

684 3796 1114 3881 praecipimus
1176 3797 1409 3878 pedem
1471 3817 1610 3860 esse
1670 3795 1997 3882 figendum
2060 3801 2124 3860 et
2181 3795 2305 3860 hoc
2361 3796 2582 3862 multis
2630 3797 2708 3861 de
2763 3799 2992 3881 causis,
3059 3821 3224 3883 quae
3302 3867 3311 3873 ,

685 3903 981 3969 dicentur
1005 3903 1076 3967 in
1105 3904 1328 3986 tropis,
1408 3903 1722 3968 Similiter
1753 3909 1820 3968 et
1851 3904 2104 3988 quando
2134 3905 2203 3968 in
2232 3904 2550 3989 principio
2582 3927 2784 3989 usque
2819 3906 2899 3969 ad
2930 3910 3225 3971 octavam

688 4012 1086 4096 conscendit,
1135 4011 1424 4095 quiescat
1475 4011 1545 4075 in
1591 4011 1818 4095 quinta
1870 4031 2027 4076 voce
2090 4017 2155 4076 et
2212 4013 2448 4077 iterum
2502 4011 2571 4076 in
2630 4013 2857 4077 eodem
2921 4035 3079 4078 sono
3124 4015 3225 4077 in-

687 4119 929 4203 cipiens
963 4118 1044 4184 ad
1076 4123 1370 4185 octavam
1400 4118 1731 4205 pertingat
1774 4119 1885 4200 ita,
1934 4124 2008 4184 ut
2040 4120 2237 4185 dicat:
2277 4123 2429 4204 psal
2456 4121 2506 4186 li
2538 4126 2645 4185 tur
2664 4143 2786 4206 per
2814 4143 2909 4205 vo,
2959 4127 3023 4186 et
3052 4127 3219 4206 post,

682 4227 1028 4293 intervallo
1085 4227 1319 4312 quietis
1377 4227 1568 4311 facto,
1630 4227 1831 4293 dicat:
1892 4249 1969 4292 vo
1999 4249 2095 4292 ces
2123 4229 2183 4292 is
2216 4234 2341 4308 tas3
2391 4229 2505 4292 sed
2556 4228 2626 4292 in
2680 4231 3069 4296 remittendo
3126 4235 3224 4294 tas

859 4507 876 4543 ¹
914 4503 1070 4558 duas.

851 4591 874 4627 2
911 4589 1376 4658 aequisonantes.

849 4677 873 4716 3
908 4677 959 4730 Α
983 4676 1051 4730 81
1088 4679 1312 4732 cantus.
