<?xml version="1.0" encoding="UTF-8"?>
<!DOCTYPE html PUBLIC "-//W3C//DTD XHTML 1.0 Transitional//EN"
    "http://www.w3.org/TR/xhtml1/DTD/xhtml1-transitional.dtd">
<html xmlns="http://www.w3.org/1999/xhtml" xml:lang="en" lang="en">
 <head>
  <title>
</title>
<meta http-equiv="Content-Type" content="text/html;charset=utf-8" />
  <meta name='ocr-system' content='tesseract 3.04.00' />
  <meta name='ocr-capabilities' content='ocr_page ocr_carea ocr_par ocr_line ocrx_word'/>
</head>
<body>
  <div class='ocr_page' id='page_1' title='image "./musicapractican00wolfgoog_0058.png"; bbox 0 0 3592 5509; ppageno 0'>
   <div class='ocr_carea' id='block_1_1' title="bbox 1385 412 1819 476">
    <p class='ocr_par' dir='ltr' id='par_1_1' title="bbox 1385 412 1819 476">
     <span class='ocr_line' id='line_1_1' title="bbox 1385 412 1819 476; baseline 0 -15"><span class='ocrx_word' id='word_1_1' title='bbox 1385 412 1819 476; x_wconf 68' lang='lat'>——41-</span> 
     </span>
    </p>
   </div>
   <div class='ocr_carea' id='block_1_2' title="bbox 330 586 2907 3706">
    <p class='ocr_par' dir='ltr' id='par_1_2' title="bbox 332 586 2882 1214">
     <span class='ocr_line' id='line_1_2' title="bbox 332 586 2880 673; baseline 0 -22"><span class='ocrx_word' id='word_1_2' title='bbox 332 587 761 673; x_wconf 77' lang='lat' dir='ltr'>proprietates</span> <span class='ocrx_word' id='word_1_3' title='bbox 806 587 976 652; x_wconf 89' lang='lat' dir='ltr'>inter</span> <span class='ocrx_word' id='word_1_4' title='bbox 1021 609 1091 652; x_wconf 87' lang='lat' dir='ltr'>se</span> <span class='ocrx_word' id='word_1_5' title='bbox 1138 586 1550 652; x_wconf 87' lang='lat' dir='ltr'>differentes1</span> <span class='ocrx_word' id='word_1_6' title='bbox 1597 591 1941 670; x_wconf 88' lang='lat' dir='ltr'>ponantur,</span> <span class='ocrx_word' id='word_1_7' title='bbox 1989 607 2253 651; x_wconf 88' lang='lat' dir='ltr'>necesse</span> <span class='ocrx_word' id='word_1_8' title='bbox 2303 590 2417 669; x_wconf 91' lang='lat' dir='ltr'>est,</span> <span class='ocrx_word' id='word_1_9' title='bbox 2465 586 2637 651; x_wconf 90' lang='lat' dir='ltr'>inter</span> <span class='ocrx_word' id='word_1_10' title='bbox 2688 603 2880 652; x_wconf 82' lang='lat' dir='ltr'>voces</span> 
     </span>
     <span class='ocr_line' id='line_1_3' title="bbox 337 681 2881 780; baseline -0.001 -20"><span class='ocrx_word' id='word_1_11' title='bbox 337 694 643 780; x_wconf 82' lang='lat' dir='ltr'>aequales</span> <span class='ocrx_word' id='word_1_12' title='bbox 689 694 1159 760; x_wconf 81' lang='lat' dir='ltr'>differentiam2</span> <span class='ocrx_word' id='word_1_13' title='bbox 1201 698 1421 780; x_wconf 85' lang='lat' dir='ltr'>ponat.</span> <span class='ocrx_word' id='word_1_14' title='bbox 1497 694 1667 758; x_wconf 87' lang='lat' dir='ltr'>Nam</span> <span class='ocrx_word' id='word_1_15' title='bbox 1711 694 1780 759; x_wconf 90' lang='lat' dir='ltr'>in</span> <span class='ocrx_word' id='word_1_16' title='bbox 1820 717 1864 780; x_wconf 79' lang='lat'><em>9</em></span> <span class='ocrx_word' id='word_1_17' title='bbox 1906 697 2201 760; x_wconf 77' lang='lat' dir='ltr'>sol-re-ut</span> <span class='ocrx_word' id='word_1_18' title='bbox 2240 697 2332 759; x_wconf 83' lang='lat' dir='ltr'>sol</span> <span class='ocrx_word' id='word_1_19' title='bbox 2372 698 2643 761; x_wconf 86' lang='lat' dir='ltr'>naturae</span> <span class='ocrx_word' id='word_1_20' title='bbox 2676 718 2715 759; x_wconf 89' lang='lat' dir='ltr'>a</span> <span class='ocrx_word' id='word_1_21' title='bbox 2741 716 2809 759; x_wconf 79' lang='lat' dir='ltr'>re</span> <span class='ocrx_word' id='word_1_22' title='bbox 2848 681 2881 757; x_wconf 66' lang='lat' dir='ltr'>b</span> 
     </span>
     <span class='ocr_line' id='line_1_4' title="bbox 335 793 2882 882; baseline 0 -15"><span class='ocrx_word' id='word_1_23' title='bbox 335 803 549 868; x_wconf 90' lang='lat' dir='ltr'>mollis</span> <span class='ocrx_word' id='word_1_24' title='bbox 604 803 708 868; x_wconf 89' lang='lat' dir='ltr'>vel</span> <span class='ocrx_word' id='word_1_25' title='bbox 773 803 853 868; x_wconf 92' lang='lat' dir='ltr'>ab</span> <span class='ocrx_word' id='word_1_26' title='bbox 911 809 991 867; x_wconf 79' lang='lat' dir='ltr'>ut</span> <span class='ocrx_word' id='word_1_27' title='bbox 1041 793 1068 882; x_wconf 60' lang='grc' dir='ltr'>ἢ</span> <span class='ocrx_word' id='word_1_28' title='bbox 1121 802 1263 867; x_wconf 88' lang='lat' dir='ltr'>duri</span> <span class='ocrx_word' id='word_1_29' title='bbox 1321 801 1755 868; x_wconf 83' lang='lat' dir='ltr'>differentiam</span> <span class='ocrx_word' id='word_1_30' title='bbox 1813 802 2012 868; x_wconf 88' lang='lat' dir='ltr'>faciat</span> <span class='ocrx_word' id='word_1_31' title='bbox 2080 825 2345 868; x_wconf 86' lang='lat' dir='ltr'>necesse</span> <span class='ocrx_word' id='word_1_32' title='bbox 2411 802 2551 868; x_wconf 90' lang='lat' dir='ltr'>erit.</span> <span class='ocrx_word' id='word_1_33' title='bbox 2652 799 2761 868; x_wconf 82' lang='lat' dir='ltr'>Sic</span> <span class='ocrx_word' id='word_1_34' title='bbox 2816 802 2882 868; x_wconf 86' lang='lat' dir='ltr'>et</span> 
     </span>
     <span class='ocr_line' id='line_1_5' title="bbox 332 909 2878 998; baseline -0.001 -21"><span class='ocrx_word' id='word_1_35' title='bbox 332 933 402 977; x_wconf 80' lang='lat' dir='ltr'>re</span> <span class='ocrx_word' id='word_1_36' title='bbox 445 912 528 976; x_wconf 90' lang='lat' dir='ltr'>ab</span> <span class='ocrx_word' id='word_1_37' title='bbox 573 917 664 976; x_wconf 79' lang='lat' dir='ltr'>ut.</span> <span class='ocrx_word' id='word_1_38' title='bbox 754 912 930 998; x_wconf 83' lang='lat' dir='ltr'>Ergo</span> <span class='ocrx_word' id='word_1_39' title='bbox 989 911 1292 996; x_wconf 82' lang='lat' dir='ltr'>aequales</span> <span class='ocrx_word' id='word_1_40' title='bbox 1351 932 1482 976; x_wconf 89' lang='lat' dir='ltr'>non</span> <span class='ocrx_word' id='word_1_41' title='bbox 1545 915 1698 976; x_wconf 90' lang='lat' dir='ltr'>sunt</span> <span class='ocrx_word' id='word_1_42' title='bbox 1759 916 1825 977; x_wconf 92' lang='lat' dir='ltr'>et</span> <span class='ocrx_word' id='word_1_43' title='bbox 1875 934 1994 996; x_wconf 89' lang='lat' dir='ltr'>per</span> <span class='ocrx_word' id='word_1_44' title='bbox 2048 933 2445 996; x_wconf 87' lang='lat' dir='ltr'>consequens</span> <span class='ocrx_word' id='word_1_45' title='bbox 2491 909 2764 976; x_wconf 87' lang='lat' dir='ltr'>mutatio</span> <span class='ocrx_word' id='word_1_46' title='bbox 2809 910 2878 975; x_wconf 90' lang='lat' dir='ltr'>in</span> 
     </span>
     <span class='ocr_line' id='line_1_6' title="bbox 337 1019 2877 1104; baseline 0 -20"><span class='ocrx_word' id='word_1_47' title='bbox 337 1021 428 1084; x_wconf 90' lang='lat' dir='ltr'>eis</span> <span class='ocrx_word' id='word_1_48' title='bbox 491 1019 639 1086; x_wconf 86' lang='lat' dir='ltr'>fieri</span> <span class='ocrx_word' id='word_1_49' title='bbox 691 1042 822 1086; x_wconf 88' lang='lat' dir='ltr'>non</span> <span class='ocrx_word' id='word_1_50' title='bbox 876 1024 1116 1104; x_wconf 88' lang='lat' dir='ltr'>posset.</span> <span class='ocrx_word' id='word_1_51' title='bbox 1206 1019 1293 1084; x_wconf 88' lang='lat' dir='ltr'>Et</span> <span class='ocrx_word' id='word_1_52' title='bbox 1345 1023 1565 1084; x_wconf 88' lang='lat' dir='ltr'>tamen</span> <span class='ocrx_word' id='word_1_53' title='bbox 1618 1019 1745 1104; x_wconf 92' lang='lat' dir='ltr'>ipsi</span> <span class='ocrx_word' id='word_1_54' title='bbox 1802 1019 2051 1085; x_wconf 90' lang='lat' dir='ltr'>faciunt</span> <span class='ocrx_word' id='word_1_55' title='bbox 2103 1042 2221 1104; x_wconf 89' lang='lat' dir='ltr'>per</span> <span class='ocrx_word' id='word_1_56' title='bbox 2277 1041 2459 1085; x_wconf 90' lang='lat' dir='ltr'>suam</span> <span class='ocrx_word' id='word_1_57' title='bbox 2521 1020 2877 1085; x_wconf 74' lang='lat' dir='ltr'><strong>doctrinam</strong></span> 
     </span>
     <span class='ocr_line' id='line_1_7' title="bbox 332 1127 2877 1214; baseline -0.001 -19"><span class='ocrx_word' id='word_1_58' title='bbox 332 1129 463 1195; x_wconf 86' lang='lat' dir='ltr'>iam</span> <span class='ocrx_word' id='word_1_59' title='bbox 509 1129 800 1213; x_wconf 86' lang='lat' dir='ltr'>superius</span> <span class='ocrx_word' id='word_1_60' title='bbox 845 1127 1270 1213; x_wconf 87' lang='lat' dir='ltr'>propalatam.</span> <span class='ocrx_word' id='word_1_61' title='bbox 1359 1127 1536 1214; x_wconf 86' lang='lat' dir='ltr'>Ergo</span> <span class='ocrx_word' id='word_1_62' title='bbox 1582 1127 1708 1212; x_wconf 89' lang='lat' dir='ltr'>ipsi</span> <span class='ocrx_word' id='word_1_63' title='bbox 1771 1128 1898 1192; x_wconf 90' lang='lat' dir='ltr'>sibi</span> <span class='ocrx_word' id='word_1_64' title='bbox 1958 1128 2402 1193; x_wconf 82' lang='lat' dir='ltr'>contradicant</span> <span class='ocrx_word' id='word_1_65' title='bbox 2444 1149 2709 1194; x_wconf 88' lang='lat' dir='ltr'>necesse</span> <span class='ocrx_word' id='word_1_66' title='bbox 2758 1131 2877 1193; x_wconf 84' lang='lat' dir='ltr'>est.</span> 
     </span>
    </p>

    <p class='ocr_par' dir='ltr' id='par_1_3' title="bbox 330 1219 2907 3163">
     <span class='ocr_line' id='line_1_8' title="bbox 509 1219 2877 1322; baseline -0.001 -21"><span class='ocrx_word' id='word_1_67' title='bbox 509 1235 784 1314; x_wconf 75' lang='lat' dir='ltr'>Quidam</span> <span class='ocrx_word' id='word_1_68' title='bbox 829 1259 1001 1315; x_wconf 88' lang='lat' dir='ltr'>vero,</span> <span class='ocrx_word' id='word_1_69' title='bbox 1049 1240 1123 1301; x_wconf 89' lang='lat' dir='ltr'>ut</span> <span class='ocrx_word' id='word_1_70' title='bbox 1155 1237 1479 1322; x_wconf 85' lang='lat' dir='ltr'>Magister</span> <span class='ocrx_word' id='word_1_71' title='bbox 1524 1234 1935 1301; x_wconf 86' lang='lat' dir='ltr'>Osmensis</span> <span class='ocrx_word' id='word_1_72' title='bbox 1979 1219 2327 1320; x_wconf 85' lang='lat' dir='ltr'>Hispanus,</span> <span class='ocrx_word' id='word_1_73' title='bbox 2376 1237 2485 1321; x_wconf 92' lang='lat' dir='ltr'>qui</span> <span class='ocrx_word' id='word_1_74' title='bbox 2529 1239 2877 1302; x_wconf 86' lang='lat' dir='ltr'>tractatum</span> 
     </span>
     <span class='ocr_line' id='line_1_9' title="bbox 337 1343 2876 1430; baseline 0 -22"><span class='ocrx_word' id='word_1_75' title='bbox 337 1345 658 1430; x_wconf 81' lang='lat' dir='ltr'>quendam</span> <span class='ocrx_word' id='word_1_76' title='bbox 702 1345 770 1409; x_wconf 92' lang='lat' dir='ltr'>in</span> <span class='ocrx_word' id='word_1_77' title='bbox 816 1343 937 1409; x_wconf 89' lang='lat' dir='ltr'>hac</span> <span class='ocrx_word' id='word_1_78' title='bbox 986 1344 1187 1409; x_wconf 86' lang='lat' dir='ltr'>edidit</span> <span class='ocrx_word' id='word_1_79' title='bbox 1229 1343 1560 1427; x_wconf 87' lang='lat' dir='ltr'>facultate,</span> <span class='ocrx_word' id='word_1_80' title='bbox 1609 1348 1843 1428; x_wconf 88' lang='lat' dir='ltr'>putant</span> <span class='ocrx_word' id='word_1_81' title='bbox 1887 1367 1956 1410; x_wconf 90' lang='lat' dir='ltr'>se</span> <span class='ocrx_word' id='word_1_82' title='bbox 2004 1345 2086 1410; x_wconf 90' lang='lat' dir='ltr'>ad</span> <span class='ocrx_word' id='word_1_83' title='bbox 2138 1345 2597 1410; x_wconf 83' lang='lat' dir='ltr'>inconveniens</span> <span class='ocrx_word' id='word_1_84' title='bbox 2644 1345 2876 1408; x_wconf 88' lang='lat' dir='ltr'>ducere</span> 
     </span>
     <span class='ocr_line' id='line_1_10' title="bbox 333 1449 2879 1538; baseline 0 -21"><span class='ocrx_word' id='word_1_85' title='bbox 333 1453 459 1519; x_wconf 93' lang='lat' dir='ltr'>hoc</span> <span class='ocrx_word' id='word_1_86' title='bbox 504 1453 696 1518; x_wconf 92' lang='lat' dir='ltr'>modo</span> <span class='ocrx_word' id='word_1_87' title='bbox 744 1453 1064 1518; x_wconf 86' lang='lat' dir='ltr'>dicentes:</span> <span class='ocrx_word' id='word_1_88' title='bbox 1113 1453 1169 1517; x_wconf 91' lang='lat' dir='ltr'>si</span> <span class='ocrx_word' id='word_1_89' title='bbox 1220 1473 1351 1518; x_wconf 91' lang='lat' dir='ltr'>non</span> <span class='ocrx_word' id='word_1_90' title='bbox 1411 1451 1778 1517; x_wconf 83' lang='lat' dir='ltr'>differrent3</span> <span class='ocrx_word' id='word_1_91' title='bbox 1823 1455 1901 1538; x_wconf 81' lang='lat' dir='ltr'>fa</span> <span class='ocrx_word' id='word_1_92' title='bbox 1946 1456 2013 1517; x_wconf 91' lang='lat' dir='ltr'>et</span> <span class='ocrx_word' id='word_1_93' title='bbox 2054 1455 2147 1517; x_wconf 83' lang='lat' dir='ltr'>sol</span> <span class='ocrx_word' id='word_1_94' title='bbox 2194 1452 2265 1518; x_wconf 87' lang='lat' dir='ltr'>in</span> <span class='ocrx_word' id='word_1_95' title='bbox 2308 1474 2342 1517; x_wconf 86' lang='lat' dir='ltr'>c</span> <span class='ocrx_word' id='word_1_96' title='bbox 2383 1453 2699 1537; x_wconf 78' lang='lat' dir='ltr'>sol-fa-ut,</span> <span class='ocrx_word' id='word_1_97' title='bbox 2746 1449 2879 1517; x_wconf 82' lang='lat' dir='ltr'>non</span> 
     </span>
     <span class='ocr_line' id='line_1_11' title="bbox 339 1559 2881 1648; baseline -0.001 -22"><span class='ocrx_word' id='word_1_98' title='bbox 339 1566 750 1646; x_wconf 76' lang='lat' dir='ltr'>ponerentur,</span> <span class='ocrx_word' id='word_1_99' title='bbox 815 1560 966 1646; x_wconf 89' lang='lat' dir='ltr'>quia</span> <span class='ocrx_word' id='word_1_100' title='bbox 1017 1560 1258 1625; x_wconf 87' lang='lat' dir='ltr'>frustra</span> <span class='ocrx_word' id='word_1_101' title='bbox 1310 1559 1392 1624; x_wconf 85' lang='lat' dir='ltr'>fit</span> <span class='ocrx_word' id='word_1_102' title='bbox 1443 1580 1560 1644; x_wconf 89' lang='lat' dir='ltr'>per</span> <span class='ocrx_word' id='word_1_103' title='bbox 1620 1561 1825 1644; x_wconf 88' lang='lat' dir='ltr'>plura.</span> <span class='ocrx_word' id='word_1_104' title='bbox 1934 1559 2043 1627; x_wconf 89' lang='lat' dir='ltr'>Sic</span> <span class='ocrx_word' id='word_1_105' title='bbox 2108 1583 2261 1648; x_wconf 87' lang='lat' dir='ltr'>ergo</span> <span class='ocrx_word' id='word_1_106' title='bbox 2326 1560 2669 1645; x_wconf 86' lang='lat' dir='ltr'>ponuntur,</span> <span class='ocrx_word' id='word_1_107' title='bbox 2729 1559 2881 1645; x_wconf 87' lang='lat' dir='ltr'>quia</span> 
     </span>
     <span class='ocr_line' id='line_1_12' title="bbox 345 1667 2907 1752; baseline -0.001 -18"><span class='ocrx_word' id='word_1_108' title='bbox 345 1671 678 1751; x_wconf 84' lang='lat' dir='ltr'>differunt3</span> <span class='ocrx_word' id='word_1_109' title='bbox 744 1669 838 1734; x_wconf 89' lang='lat' dir='ltr'>ita</span> <span class='ocrx_word' id='word_1_110' title='bbox 915 1673 980 1733; x_wconf 90' lang='lat' dir='ltr'>et</span> <span class='ocrx_word' id='word_1_111' title='bbox 1052 1667 1340 1752; x_wconf 89' lang='lat' dir='ltr'>reliquae</span> <span class='ocrx_word' id='word_1_112' title='bbox 1403 1689 1594 1734; x_wconf 86' lang='lat' dir='ltr'>voces</span> <span class='ocrx_word' id='word_1_113' title='bbox 1651 1669 1809 1733; x_wconf 89' lang='lat' dir='ltr'>alibi</span> <span class='ocrx_word' id='word_1_114' title='bbox 1862 1670 2132 1735; x_wconf 83' lang='lat' dir='ltr'>locatae.</span> <span class='ocrx_word' id='word_1_115' title='bbox 2240 1669 2371 1734; x_wconf 85' lang='lat' dir='ltr'>Sed</span> <span class='ocrx_word' id='word_1_116' title='bbox 2427 1668 2601 1734; x_wconf 89' lang='lat' dir='ltr'>istud</span> <span class='ocrx_word' id='word_1_117' title='bbox 2653 1669 2907 1734; x_wconf 62' lang='lat' dir='ltr'>inccn-“</span> 
     </span>
     <span class='ocr_line' id='line_1_13' title="bbox 338 1775 2875 1861; baseline -0 -19"><span class='ocrx_word' id='word_1_118' title='bbox 338 1779 602 1843; x_wconf 89' lang='lat' dir='ltr'>veniens</span> <span class='ocrx_word' id='word_1_119' title='bbox 641 1777 891 1843; x_wconf 90' lang='lat' dir='ltr'>nullum</span> <span class='ocrx_word' id='word_1_120' title='bbox 925 1781 1041 1859; x_wconf 89' lang='lat' dir='ltr'>est,</span> <span class='ocrx_word' id='word_1_121' title='bbox 1090 1776 1395 1861; x_wconf 89' lang='lat' dir='ltr'>quoniam</span> <span class='ocrx_word' id='word_1_122' title='bbox 1425 1781 1754 1861; x_wconf 90' lang='lat' dir='ltr'>ponuntur</span> <span class='ocrx_word' id='word_1_123' title='bbox 1782 1777 1877 1843; x_wconf 89' lang='lat' dir='ltr'>ibi</span> <span class='ocrx_word' id='word_1_124' title='bbox 1924 1777 2005 1843; x_wconf 90' lang='lat' dir='ltr'>ad</span> <span class='ocrx_word' id='word_1_125' title='bbox 2050 1775 2417 1844; x_wconf 87' lang='lat' dir='ltr'>faciendum</span> <span class='ocrx_word' id='word_1_126' title='bbox 2460 1776 2875 1843; x_wconf 88' lang='lat' dir='ltr'>semitonium</span> 
     </span>
     <span class='ocr_line' id='line_1_14' title="bbox 331 1884 2874 1973; baseline -0.001 -23"><span class='ocrx_word' id='word_1_127' title='bbox 331 1886 594 1973; x_wconf 86' lang='lat' dir='ltr'>longius</span> <span class='ocrx_word' id='word_1_128' title='bbox 642 1889 754 1950; x_wconf 87' lang='lat' dir='ltr'>aut</span> <span class='ocrx_word' id='word_1_129' title='bbox 796 1884 1238 1970; x_wconf 88' lang='lat' dir='ltr'>propinquius,</span> <span class='ocrx_word' id='word_1_130' title='bbox 1289 1907 1367 1950; x_wconf 85' lang='lat' dir='ltr'>ex</span> <span class='ocrx_word' id='word_1_131' title='bbox 1413 1907 1540 1969; x_wconf 89' lang='lat' dir='ltr'>quo</span> <span class='ocrx_word' id='word_1_132' title='bbox 1570 1885 1871 1970; x_wconf 90' lang='lat' dir='ltr'>provenit</span> <span class='ocrx_word' id='word_1_133' title='bbox 1917 1886 2284 1952; x_wconf 87' lang='lat' dir='ltr'>differentia</span> <span class='ocrx_word' id='word_1_134' title='bbox 2311 1886 2615 1950; x_wconf 86' lang='lat' dir='ltr'>musicae..</span> <span class='ocrx_word' id='word_1_135' title='bbox 2706 1885 2874 1949; x_wconf 88' lang='lat' dir='ltr'>Nam</span> 
     </span>
     <span class='ocr_line' id='line_1_15' title="bbox 333 1992 2869 2079; baseline -0.001 -21"><span class='ocrx_word' id='word_1_136' title='bbox 333 1994 388 2058; x_wconf 91' lang='lat' dir='ltr'>si</span> <span class='ocrx_word' id='word_1_137' title='bbox 435 2016 658 2059; x_wconf 89' lang='lat' dir='ltr'>omnes</span> <span class='ocrx_word' id='word_1_138' title='bbox 702 1993 1216 2077; x_wconf 81' lang='lat' dir='ltr'>intercapedines</span> <span class='ocrx_word' id='word_1_139' title='bbox 1274 1998 1492 2059; x_wconf 89' lang='lat' dir='ltr'>essent</span> <span class='ocrx_word' id='word_1_140' title='bbox 1536 1994 1840 2079; x_wconf 85' lang='lat' dir='ltr'>aequales</span> <span class='ocrx_word' id='word_1_141' title='bbox 1886 1999 2189 2062; x_wconf 89' lang='lat' dir='ltr'>tonorum</span> <span class='ocrx_word' id='word_1_142' title='bbox 2220 1999 2333 2060; x_wconf 86' lang='lat' dir='ltr'>aut</span> <span class='ocrx_word' id='word_1_143' title='bbox 2362 1992 2869 2075; x_wconf 86' lang='lat' dir='ltr'>semitoniorum,</span> 
     </span>
     <span class='ocr_line' id='line_1_16' title="bbox 335 2099 2873 2188; baseline -0.001 -20"><span class='ocrx_word' id='word_1_144' title='bbox 335 2101 516 2168; x_wconf 88' lang='lat' dir='ltr'>nulla</span> <span class='ocrx_word' id='word_1_145' title='bbox 580 2106 752 2167; x_wconf 87' lang='lat' dir='ltr'>esset</span> <span class='ocrx_word' id='word_1_146' title='bbox 793 2100 1077 2166; x_wconf 87' lang='lat' dir='ltr'>musicae</span> <span class='ocrx_word' id='word_1_147' title='bbox 1125 2099 1507 2167; x_wconf 83' lang='lat' dir='ltr'>differentia.</span> <span class='ocrx_word' id='word_1_148' title='bbox 1602 2101 1790 2180; x_wconf 81' lang='lat' dir='ltr'>Quod</span> <span class='ocrx_word' id='word_1_149' title='bbox 1848 2104 1903 2168; x_wconf 90' lang='lat' dir='ltr'>si</span> <span class='ocrx_word' id='word_1_150' title='bbox 1958 2125 2076 2188; x_wconf 88' lang='lat' dir='ltr'>per</span> <span class='ocrx_word' id='word_1_151' title='bbox 2116 2101 2578 2171; x_wconf 84' lang='lat' dir='ltr'>inconveniens</span> <span class='ocrx_word' id='word_1_152' title='bbox 2624 2101 2873 2167; x_wconf 86' lang='lat' dir='ltr'>solvere</span> 
     </span>
     <span class='ocr_line' id='line_1_17' title="bbox 338 2208 2874 2296; baseline -0.001 -21"><span class='ocrx_word' id='word_1_153' title='bbox 338 2212 652 2294; x_wconf 88' lang='lat' dir='ltr'>volumus,</span> <span class='ocrx_word' id='word_1_154' title='bbox 714 2209 938 2275; x_wconf 91' lang='lat' dir='ltr'>multis</span> <span class='ocrx_word' id='word_1_155' title='bbox 983 2209 1498 2275; x_wconf 88' lang='lat' dir='ltr'>dubitationibus</span> <span class='ocrx_word' id='word_1_156' title='bbox 1542 2210 1668 2276; x_wconf 93' lang='lat' dir='ltr'>hoc</span> <span class='ocrx_word' id='word_1_157' title='bbox 1726 2211 1901 2277; x_wconf 88' lang='lat' dir='ltr'>idem</span> <span class='ocrx_word' id='word_1_158' title='bbox 1961 2211 2175 2278; x_wconf 87' lang='lat' dir='ltr'>facere</span> <span class='ocrx_word' id='word_1_159' title='bbox 2235 2211 2608 2296; x_wconf 88' lang='lat' dir='ltr'>poterimus.</span> <span class='ocrx_word' id='word_1_160' title='bbox 2712 2208 2874 2276; x_wconf 86' lang='lat' dir='ltr'>Cum</span> 
     </span>
     <span class='ocr_line' id='line_1_18' title="bbox 337 2307 2873 2402; baseline -0.001 -18"><span class='ocrx_word' id='word_1_161' title='bbox 337 2319 508 2384; x_wconf 88' lang='lat' dir='ltr'>enim</span> <span class='ocrx_word' id='word_1_162' title='bbox 567 2318 785 2384; x_wconf 90' lang='lat' dir='ltr'>dicant</span> <span class='ocrx_word' id='word_1_163' title='bbox 839 2339 1029 2384; x_wconf 89' lang='lat' dir='ltr'>voces</span> <span class='ocrx_word' id='word_1_164' title='bbox 1082 2307 1117 2399; x_wconf 55' lang='lat' dir='ltr'>h</span> <span class='ocrx_word' id='word_1_165' title='bbox 1167 2318 1310 2383; x_wconf 86' lang='lat' dir='ltr'>duri</span> <span class='ocrx_word' id='word_1_166' title='bbox 1356 2341 1394 2382; x_wconf 88' lang='lat' dir='ltr'>a</span> <span class='ocrx_word' id='word_1_167' title='bbox 1449 2318 1718 2384; x_wconf 90' lang='lat' dir='ltr'>vocibus</span> <span class='ocrx_word' id='word_1_168' title='bbox 1776 2307 1809 2384; x_wconf 69' lang='lat' dir='ltr'>b</span> <span class='ocrx_word' id='word_1_169' title='bbox 1872 2319 2086 2385; x_wconf 90' lang='lat' dir='ltr'>mollis</span> <span class='ocrx_word' id='word_1_170' title='bbox 2145 2319 2429 2402; x_wconf 83' lang='lat' dir='ltr'>differre,</span> <span class='ocrx_word' id='word_1_171' title='bbox 2477 2319 2650 2383; x_wconf 86' lang='lat' dir='ltr'>idem</span> <span class='ocrx_word' id='word_1_172' title='bbox 2708 2341 2745 2382; x_wconf 89' lang='lat' dir='ltr'>a</span> <span class='ocrx_word' id='word_1_173' title='bbox 2804 2323 2873 2382; x_wconf 83' lang='lat' dir='ltr'>se</span> 
     </span>
     <span class='ocr_line' id='line_1_19' title="bbox 331 2425 2874 2512; baseline -0 -21"><span class='ocrx_word' id='word_1_174' title='bbox 331 2427 475 2511; x_wconf 92' lang='lat' dir='ltr'>ipso</span> <span class='ocrx_word' id='word_1_175' title='bbox 533 2426 790 2492; x_wconf 85' lang='lat' dir='ltr'>differre</span> <span class='ocrx_word' id='word_1_176' title='bbox 833 2427 1196 2492; x_wconf 82' lang='lat' dir='ltr'>nescientes</span> <span class='ocrx_word' id='word_1_177' title='bbox 1257 2427 1688 2511; x_wconf 88' lang='lat' dir='ltr'>consentiunt,</span> <span class='ocrx_word' id='word_1_178' title='bbox 1749 2428 1921 2512; x_wconf 90' lang='lat' dir='ltr'>quod</span> <span class='ocrx_word' id='word_1_179' title='bbox 1974 2427 2296 2512; x_wconf 82' lang='lat' dir='ltr'>aliquibus</span> <span class='ocrx_word' id='word_1_180' title='bbox 2345 2425 2654 2510; x_wconf 83' lang='lat' dir='ltr'>exemplis</span> <span class='ocrx_word' id='word_1_181' title='bbox 2700 2446 2874 2491; x_wconf 88' lang='lat' dir='ltr'>com-</span> 
     </span>
     <span class='ocr_line' id='line_1_20' title="bbox 330 2525 2875 2627; baseline 0 -28"><span class='ocrx_word' id='word_1_182' title='bbox 330 2535 762 2627; x_wconf 78' lang='lat' dir='ltr'>probavimus.</span> <span class='ocrx_word' id='word_1_183' title='bbox 873 2534 992 2599; x_wconf 87' lang='lat' dir='ltr'>Est</span> <span class='ocrx_word' id='word_1_184' title='bbox 1061 2533 1231 2598; x_wconf 89' lang='lat' dir='ltr'>enim</span> <span class='ocrx_word' id='word_1_185' title='bbox 1289 2534 1359 2598; x_wconf 90' lang='lat' dir='ltr'>in</span> <span class='ocrx_word' id='word_1_186' title='bbox 1412 2556 1446 2598; x_wconf 82' lang='lat' dir='ltr'>c</span> <span class='ocrx_word' id='word_1_187' title='bbox 1496 2536 1682 2619; x_wconf 80' lang='lat' dir='ltr'>fa-ut</span> <span class='ocrx_word' id='word_1_188' title='bbox 1726 2536 1804 2620; x_wconf 82' lang='lat' dir='ltr'>fa</span> <span class='ocrx_word' id='word_1_189' title='bbox 1844 2525 1877 2614; x_wconf 55' lang='lat' dir='ltr'>h</span> <span class='ocrx_word' id='word_1_190' title='bbox 1912 2536 2125 2621; x_wconf 89' lang='lat' dir='ltr'>[duri].</span> <span class='ocrx_word' id='word_1_191' title='bbox 2226 2533 2569 2599; x_wconf 83' lang='lat' dir='ltr'>Manifeste</span> <span class='ocrx_word' id='word_1_192' title='bbox 2623 2538 2875 2618; x_wconf 88' lang='lat' dir='ltr'>ponunt</span> 
     </span>
     <span class='ocr_line' id='line_1_21' title="bbox 330 2634 2873 2728; baseline -0 -21"><span class='ocrx_word' id='word_1_193' title='bbox 330 2642 575 2708; x_wconf 91' lang='lat' dir='ltr'>ibidem</span> <span class='ocrx_word' id='word_1_194' title='bbox 603 2643 703 2707; x_wconf 78' lang='lat' dir='ltr'>mi</span> <span class='ocrx_word' id='word_1_195' title='bbox 743 2665 861 2728; x_wconf 85' lang='lat' dir='ltr'>per</span> <span class='ocrx_word' id='word_1_196' title='bbox 893 2634 960 2723; x_wconf 75' lang='lat'>¹:13</span> <span class='ocrx_word' id='word_1_197' title='bbox 993 2643 1404 2708; x_wconf 89' lang='lat' dir='ltr'>coniunctam</span> <span class='ocrx_word' id='word_1_198' title='bbox 1447 2648 1713 2728; x_wconf 91' lang='lat' dir='ltr'>propter</span> <span class='ocrx_word' id='word_1_199' title='bbox 1752 2643 1877 2709; x_wconf 91' lang='lat' dir='ltr'>hoc</span> <span class='ocrx_word' id='word_1_200' title='bbox 1906 2655 2052 2724; x_wconf 83' lang='lat' dir='ltr'>(pag.</span> <span class='ocrx_word' id='word_1_201' title='bbox 2080 2656 2170 2718; x_wconf 87' lang='lat'>32)</span> <span class='ocrx_word' id='word_1_202' title='bbox 2204 2643 2375 2708; x_wconf 89' lang='lat' dir='ltr'>enim</span> <span class='ocrx_word' id='word_1_203' title='bbox 2419 2646 2688 2727; x_wconf 90' lang='lat' dir='ltr'>ponunt,</span> <span class='ocrx_word' id='word_1_204' title='bbox 2723 2643 2873 2726; x_wconf 89' lang='lat' dir='ltr'>quia</span> 
     </span>
     <span class='ocr_line' id='line_1_22' title="bbox 333 2751 2872 2839; baseline 0 -25"><span class='ocrx_word' id='word_1_205' title='bbox 333 2751 762 2816; x_wconf 80' lang='lat' dir='ltr'>differentiam</span> <span class='ocrx_word' id='word_1_206' title='bbox 805 2752 978 2816; x_wconf 88' lang='lat' dir='ltr'>inter</span> <span class='ocrx_word' id='word_1_207' title='bbox 1019 2752 1095 2835; x_wconf 82' lang='lat' dir='ltr'>fa</span> <span class='ocrx_word' id='word_1_208' title='bbox 1143 2755 1207 2814; x_wconf 90' lang='lat' dir='ltr'>et</span> <span class='ocrx_word' id='word_1_209' title='bbox 1250 2752 1350 2814; x_wconf 78' lang='lat' dir='ltr'>mi</span> <span class='ocrx_word' id='word_1_210' title='bbox 1389 2773 1693 2838; x_wconf 86' lang='lat' dir='ltr'>magnam</span> <span class='ocrx_word' id='word_1_211' title='bbox 1741 2757 2157 2839; x_wconf 88' lang='lat' dir='ltr'>cognoscunt,</span> <span class='ocrx_word' id='word_1_212' title='bbox 2208 2756 2274 2818; x_wconf 86' lang='lat' dir='ltr'>et</span> <span class='ocrx_word' id='word_1_213' title='bbox 2326 2755 2545 2816; x_wconf 89' lang='lat' dir='ltr'>tamen</span> <span class='ocrx_word' id='word_1_214' title='bbox 2600 2754 2872 2833; x_wconf 87' lang='lat' dir='ltr'>utraque</span> 
     </span>
     <span class='ocr_line' id='line_1_23' title="bbox 333 2856 2874 2945; baseline -0.002 -21"><span class='ocrx_word' id='word_1_215' title='bbox 333 2881 457 2924; x_wconf 86' lang='lat' dir='ltr'>vox</span> <span class='ocrx_word' id='word_1_216' title='bbox 503 2863 602 2924; x_wconf 89' lang='lat' dir='ltr'>est</span> <span class='ocrx_word' id='word_1_217' title='bbox 647 2856 676 2937; x_wconf 62' lang='grc' dir='ltr'>ΕΙ</span> <span class='ocrx_word' id='word_1_218' title='bbox 728 2859 1044 2945; x_wconf 89' lang='lat' dir='ltr'>quadrati.</span> <span class='ocrx_word' id='word_1_219' title='bbox 1121 2857 1298 2944; x_wconf 87' lang='lat' dir='ltr'>Ergo</span> <span class='ocrx_word' id='word_1_220' title='bbox 1328 2858 1502 2924; x_wconf 89' lang='lat' dir='ltr'>idem</span> <span class='ocrx_word' id='word_1_221' title='bbox 1535 2859 1753 2925; x_wconf 88' lang='lat' dir='ltr'>differt</span> <span class='ocrx_word' id='word_1_222' title='bbox 1799 2883 1836 2926; x_wconf 90' lang='lat' dir='ltr'>a</span> <span class='ocrx_word' id='word_1_223' title='bbox 1881 2883 1949 2926; x_wconf 88' lang='lat' dir='ltr'>se</span> <span class='ocrx_word' id='word_1_224' title='bbox 1994 2860 2157 2944; x_wconf 89' lang='lat' dir='ltr'>ipso,</span> <span class='ocrx_word' id='word_1_225' title='bbox 2192 2861 2365 2944; x_wconf 91' lang='lat' dir='ltr'>quod</span> <span class='ocrx_word' id='word_1_226' title='bbox 2411 2863 2551 2924; x_wconf 89' lang='lat' dir='ltr'>erat</span> <span class='ocrx_word' id='word_1_227' title='bbox 2594 2858 2874 2943; x_wconf 65' lang='lat' dir='ltr'>probam</span> 
     </span>
     <span class='ocr_line' id='line_1_24' title="bbox 336 2965 2872 3053; baseline 0.001 -24"><span class='ocrx_word' id='word_1_228' title='bbox 336 2967 504 3031; x_wconf 88' lang='lat' dir='ltr'>dum.</span> <span class='ocrx_word' id='word_1_229' title='bbox 599 2966 706 3034; x_wconf 88' lang='lat' dir='ltr'>Sic</span> <span class='ocrx_word' id='word_1_230' title='bbox 739 2968 902 3032; x_wconf 89' lang='lat' dir='ltr'>etin</span> <span class='ocrx_word' id='word_1_231' title='bbox 940 2989 982 3032; x_wconf 85' lang='lat' dir='ltr'>a</span> <span class='ocrx_word' id='word_1_232' title='bbox 1027 2968 1348 3046; x_wconf 70' lang='lat' dir='ltr'>la-mi-re,·</span> <span class='ocrx_word' id='word_1_233' title='bbox 1402 2968 1516 3033; x_wconf 87' lang='lat' dir='ltr'>ubi</span> <span class='ocrx_word' id='word_1_234' title='bbox 1581 2973 1679 3034; x_wconf 89' lang='lat' dir='ltr'>est</span> <span class='ocrx_word' id='word_1_235' title='bbox 1733 2971 1833 3033; x_wconf 78' lang='lat' dir='ltr'>mi</span> <span class='ocrx_word' id='word_1_236' title='bbox 1882 2965 1917 3048; x_wconf 70' lang='lat' dir='ltr'>b</span> <span class='ocrx_word' id='word_1_237' title='bbox 1970 2968 2205 3051; x_wconf 78' lang='lat' dir='ltr'>moHiS,</span> <span class='ocrx_word' id='word_1_238' title='bbox 2267 2967 2530 3053; x_wconf 88' lang='lat' dir='ltr'>ponitur</span> <span class='ocrx_word' id='word_1_239' title='bbox 2583 2968 2660 3052; x_wconf 81' lang='lat' dir='ltr'>fa</span> <span class='ocrx_word' id='word_1_240' title='bbox 2720 2988 2872 3032; x_wconf 91' lang='lat' dir='ltr'>con-</span> 
     </span>
     <span class='ocr_line' id='line_1_25' title="bbox 335 3058 2197 3163; baseline 0.003 -25"><span class='ocrx_word' id='word_1_241' title='bbox 335 3075 592 3140; x_wconf 88' lang='lat' dir='ltr'>iunctae</span> <span class='ocrx_word' id='word_1_242' title='bbox 638 3060 671 3134; x_wconf 54' lang='lat' dir='ltr'><strong>b</strong></span> <span class='ocrx_word' id='word_1_243' title='bbox 717 3075 950 3141; x_wconf 88' lang='lat' dir='ltr'>mollis.</span> <span class='ocrx_word' id='word_1_244' title='bbox 1052 3075 1226 3163; x_wconf 85' lang='lat' dir='ltr'>Ergo</span> <span class='ocrx_word' id='word_1_245' title='bbox 1273 3058 1530 3142; x_wconf 67' lang='lat' dir='ltr'>bmolle</span> <span class='ocrx_word' id='word_1_246' title='bbox 1579 3077 1794 3142; x_wconf 86' lang='lat' dir='ltr'>differt</span> <span class='ocrx_word' id='word_1_247' title='bbox 1840 3101 1877 3142; x_wconf 88' lang='lat' dir='ltr'>a</span> <span class='ocrx_word' id='word_1_248' title='bbox 1922 3064 1954 3140; x_wconf 66' lang='lat' dir='ltr'>b</span> <span class='ocrx_word' id='word_1_249' title='bbox 1993 3076 2197 3143; x_wconf 91' lang='lat' dir='ltr'>molli.</span> 
     </span>
    </p>

    <p class='ocr_par' dir='ltr' id='par_1_4' title="bbox 331 3175 2871 3706">
     <span class='ocr_line' id='line_1_26' title="bbox 511 3175 2870 3262; baseline -0 -15"><span class='ocrx_word' id='word_1_250' title='bbox 511 3184 881 3250; x_wconf 87' lang='lat' dir='ltr'>Absurdum</span> <span class='ocrx_word' id='word_1_251' title='bbox 927 3189 1101 3250; x_wconf 86' lang='lat' dir='ltr'>certe</span> <span class='ocrx_word' id='word_1_252' title='bbox 1150 3189 1249 3251; x_wconf 86' lang='lat' dir='ltr'>est</span> <span class='ocrx_word' id='word_1_253' title='bbox 1298 3185 1368 3250; x_wconf 90' lang='lat' dir='ltr'>in</span> <span class='ocrx_word' id='word_1_254' title='bbox 1424 3184 1671 3250; x_wconf 88' lang='lat' dir='ltr'>musica</span> <span class='ocrx_word' id='word_1_255' title='bbox 1717 3185 2148 3251; x_wconf 87' lang='lat' dir='ltr'>differentiam</span> <span class='ocrx_word' id='word_1_256' title='bbox 2202 3187 2373 3251; x_wconf 87' lang='lat' dir='ltr'>inter</span> <span class='ocrx_word' id='word_1_257' title='bbox 2425 3206 2615 3250; x_wconf 89' lang='lat' dir='ltr'>voces</span> <span class='ocrx_word' id='word_1_258' title='bbox 2662 3175 2692 3262; x_wconf 60' lang='grc' dir='ltr'><strong>ξ</strong></span> <span class='ocrx_word' id='word_1_259' title='bbox 2729 3183 2870 3247; x_wconf 90' lang='lat' dir='ltr'>duri</span> 
     </span>
     <span class='ocr_line' id='line_1_27' title="bbox 337 3280 2869 3378; baseline -0 -20"><span class='ocrx_word' id='word_1_260' title='bbox 337 3298 402 3358; x_wconf 90' lang='lat' dir='ltr'>et</span> <span class='ocrx_word' id='word_1_261' title='bbox 447 3280 478 3357; x_wconf 64' lang='lat' dir='ltr'>b</span> <span class='ocrx_word' id='word_1_262' title='bbox 520 3293 736 3359; x_wconf 89' lang='lat' dir='ltr'>mollis</span> <span class='ocrx_word' id='word_1_263' title='bbox 783 3297 895 3358; x_wconf 89' lang='lat' dir='ltr'>aut</span> <span class='ocrx_word' id='word_1_264' title='bbox 935 3298 1204 3359; x_wconf 87' lang='lat' dir='ltr'>naturae</span> <span class='ocrx_word' id='word_1_265' title='bbox 1235 3316 1496 3378; x_wconf 89' lang='lat' dir='ltr'>ponere,</span> <span class='ocrx_word' id='word_1_266' title='bbox 1548 3294 1720 3378; x_wconf 90' lang='lat' dir='ltr'>quod</span> <span class='ocrx_word' id='word_1_267' title='bbox 1758 3293 1962 3360; x_wconf 81' lang='lat' dir='ltr'>frater</span> <span class='ocrx_word' id='word_1_268' title='bbox 2005 3295 2046 3360; x_wconf 91' lang='lat' dir='ltr'><strong>J</strong></span> <span class='ocrx_word' id='word_1_269' title='bbox 2058 3294 2401 3360; x_wconf 88' lang='lat' dir='ltr'>ohannes</span> <span class='ocrx_word' id='word_1_270' title='bbox 2450 3293 2539 3358; x_wconf 91' lang='lat' dir='ltr'>de</span> <span class='ocrx_word' id='word_1_271' title='bbox 2587 3289 2869 3358; x_wconf 85' lang='lat' dir='ltr'>Sancto</span> 
     </span>
     <span class='ocr_line' id='line_1_28' title="bbox 331 3400 2869 3488; baseline -0.001 -22"><span class='ocrx_word' id='word_1_272' title='bbox 331 3401 771 3486; x_wconf 90' lang='lat' dir='ltr'>Dominico,</span> <span class='ocrx_word' id='word_1_273' title='bbox 820 3400 1130 3488; x_wconf 81' lang='lat' dir='ltr'>magister</span> <span class='ocrx_word' id='word_1_274' title='bbox 1184 3402 1254 3466; x_wconf 91' lang='lat' dir='ltr'>in</span> <span class='ocrx_word' id='word_1_275' title='bbox 1308 3401 1658 3488; x_wconf 85' lang='lat' dir='ltr'>theologia,</span> <span class='ocrx_word' id='word_1_276' title='bbox 1721 3407 1990 3467; x_wconf 91' lang='lat' dir='ltr'>conatus</span> <span class='ocrx_word' id='word_1_277' title='bbox 2050 3408 2147 3468; x_wconf 86' lang='lat' dir='ltr'>est</span> <span class='ocrx_word' id='word_1_278' title='bbox 2200 3400 2539 3466; x_wconf 88' lang='lat' dir='ltr'>affirmare.</span> <span class='ocrx_word' id='word_1_279' title='bbox 2630 3400 2869 3466; x_wconf 90' lang='lat' dir='ltr'>Verum</span> 
     </span>
     <span class='ocr_line' id='line_1_29' title="bbox 334 3509 2871 3595; baseline -0 -22"><span class='ocrx_word' id='word_1_280' title='bbox 334 3510 486 3594; x_wconf 87' lang='lat' dir='ltr'>quia</span> <span class='ocrx_word' id='word_1_281' title='bbox 527 3509 765 3575; x_wconf 88' lang='lat' dir='ltr'>librum</span> <span class='ocrx_word' id='word_1_282' title='bbox 809 3510 1058 3575; x_wconf 92' lang='lat' dir='ltr'>nullum</span> <span class='ocrx_word' id='word_1_283' title='bbox 1105 3511 1484 3595; x_wconf 88' lang='lat' dir='ltr'>composuit,</span> <span class='ocrx_word' id='word_1_284' title='bbox 1548 3511 1712 3576; x_wconf 90' lang='lat' dir='ltr'>nihil</span> <span class='ocrx_word' id='word_1_285' title='bbox 1758 3512 1855 3576; x_wconf 84' lang='lat' dir='ltr'>&#39;de</span> <span class='ocrx_word' id='word_1_286' title='bbox 1914 3534 1989 3578; x_wconf 92' lang='lat' dir='ltr'>eo</span> <span class='ocrx_word' id='word_1_287' title='bbox 2046 3511 2402 3576; x_wconf 88' lang='lat' dir='ltr'>dicendum.</span> <span class='ocrx_word' id='word_1_288' title='bbox 2494 3509 2627 3575; x_wconf 88' lang='lat' dir='ltr'>Sed</span> <span class='ocrx_word' id='word_1_289' title='bbox 2669 3509 2871 3574; x_wconf 86' lang='lat' dir='ltr'>frater</span> 
     </span>
     <span class='ocr_line' id='line_1_30' title="bbox 331 3617 2869 3706; baseline -0.002 -20"><span class='ocrx_word' id='word_1_290' title='bbox 331 3618 374 3686; x_wconf 86' lang='lat' dir='ltr'>J</span> <span class='ocrx_word' id='word_1_291' title='bbox 394 3617 749 3684; x_wconf 88' lang='lat' dir='ltr'>ohannes</span> <span class='ocrx_word' id='word_1_292' title='bbox 809 3619 871 3684; x_wconf 94' lang='lat' dir='ltr'>H</span> <span class='ocrx_word' id='word_1_293' title='bbox 886 3618 1020 3684; x_wconf 91' lang='lat' dir='ltr'>oth</span> <span class='ocrx_word' id='word_1_294' title='bbox 1036 3619 1167 3704; x_wconf 77' lang='lat' dir='ltr'>by4</span> <span class='ocrx_word' id='word_1_295' title='bbox 1224 3619 1514 3706; x_wconf 88' lang='lat' dir='ltr'>anglicus</span> <span class='ocrx_word' id='word_1_296' title='bbox 1583 3619 1935 3704; x_wconf 87' lang='lat' dir='ltr'>carmelita,</span> <span class='ocrx_word' id='word_1_297' title='bbox 2003 3619 2112 3704; x_wconf 90' lang='lat' dir='ltr'>qui</span> <span class='ocrx_word' id='word_1_298' title='bbox 2173 3617 2587 3686; x_wconf 89' lang='lat' dir='ltr'>semitonium</span> <span class='ocrx_word' id='word_1_299' title='bbox 2642 3617 2869 3682; x_wconf 89' lang='lat' dir='ltr'>durum</span> 
     </span>
    </p>
   </div>
   <div class='ocr_carea' id='block_1_3' title="bbox 331 3934 2869 4092">
    <p class='ocr_par' dir='ltr' id='par_1_5' title="bbox 331 3934 2869 4092">
     <span class='ocr_line' id='line_1_31' title="bbox 331 3934 2869 4008; baseline -0 -19"><span class='ocrx_word' id='word_1_300' title='bbox 331 3936 756 4007; x_wconf 81' lang='lat' dir='ltr'>Widerlegung</span> <span class='ocrx_word' id='word_1_301' title='bbox 802 3937 990 3992; x_wconf 84' lang='lat' dir='ltr'>dieses</span> <span class='ocrx_word' id='word_1_302' title='bbox 1035 3937 1298 4008; x_wconf 86' lang='lat' dir='ltr'>Kapitels</span> <span class='ocrx_word' id='word_1_303' title='bbox 1348 3937 1424 3992; x_wconf 92' lang='lat' dir='ltr'>VI</span> <span class='ocrx_word' id='word_1_304' title='bbox 1480 3938 1861 4008; x_wconf 66' lang='lat' dir='ltr'>beschaftigt,</span> <span class='ocrx_word' id='word_1_305' title='bbox 1920 3938 2162 3994; x_wconf 84' lang='lat' dir='ltr'>beweist</span> <span class='ocrx_word' id='word_1_306' title='bbox 2204 3939 2239 3992; x_wconf 89' lang='lat' dir='ltr'><strong>J</strong></span> <span class='ocrx_word' id='word_1_307' title='bbox 2251 3937 2477 3993; x_wconf 89' lang='lat' dir='ltr'>ohann</span> <span class='ocrx_word' id='word_1_308' title='bbox 2495 3953 2566 3991; x_wconf 86' lang='lat' dir='ltr'>es</span> <span class='ocrx_word' id='word_1_309' title='bbox 2620 3934 2740 3989; x_wconf 86' lang='lat' dir='ltr'>Ott</span> <span class='ocrx_word' id='word_1_310' title='bbox 2754 3934 2869 3989; x_wconf 89' lang='lat' dir='ltr'>obi</span> 
     </span>
     <span class='ocr_line' id='line_1_32' title="bbox 331 4021 2867 4092; baseline -0 -16"><span class='ocrx_word' id='word_1_311' title='bbox 331 4022 616 4092; x_wconf 81' lang='lat' dir='ltr'>(Hothby),</span> <span class='ocrx_word' id='word_1_312' title='bbox 643 4023 757 4078; x_wconf 85' lang='lat' dir='ltr'>dass</span> <span class='ocrx_word' id='word_1_313' title='bbox 795 4023 887 4078; x_wconf 88' lang='lat' dir='ltr'>die</span> <span class='ocrx_word' id='word_1_314' title='bbox 914 4024 1333 4080; x_wconf 87' lang='lat' dir='ltr'>Unterschiede</span> <span class='ocrx_word' id='word_1_315' title='bbox 1360 4025 1463 4080; x_wconf 89' lang='lat' dir='ltr'>der</span> <span class='ocrx_word' id='word_1_316' title='bbox 1486 4025 1681 4080; x_wconf 80' lang='lat' dir='ltr'>Musik</span> <span class='ocrx_word' id='word_1_317' title='bbox 1702 4024 1869 4080; x_wconf 86' lang='lat' dir='ltr'>nicht</span> <span class='ocrx_word' id='word_1_318' title='bbox 1892 4025 2020 4081; x_wconf 86' lang='lat' dir='ltr'>blos</span> <span class='ocrx_word' id='word_1_319' title='bbox 2047 4025 2108 4079; x_wconf 89' lang='lat' dir='ltr'>in</span> <span class='ocrx_word' id='word_1_320' title='bbox 2133 4026 2236 4080; x_wconf 88' lang='lat' dir='ltr'>der</span> <span class='ocrx_word' id='word_1_321' title='bbox 2261 4023 2582 4090; x_wconf 71' lang='lat' dir='ltr'>Quantitttt,</span> <span class='ocrx_word' id='word_1_322' title='bbox 2622 4021 2867 4076; x_wconf 87' lang='lat' dir='ltr'>sondern</span> 
     </span>
    </p>
   </div>
   <div class='ocr_carea' id='block_1_4' title="bbox 331 4109 2087 4254">
    <p class='ocr_par' dir='ltr' id='par_1_6' title="bbox 331 4109 2087 4254">
     <span class='ocr_line' id='line_1_33' title="bbox 331 4109 1324 4175; baseline 0.001 -11"><span class='ocrx_word' id='word_1_323' title='bbox 331 4109 476 4164; x_wconf 83' lang='lat' dir='ltr'>auch</span> <span class='ocrx_word' id='word_1_324' title='bbox 515 4109 577 4164; x_wconf 89' lang='lat' dir='ltr'>in</span> <span class='ocrx_word' id='word_1_325' title='bbox 616 4111 718 4164; x_wconf 88' lang='lat' dir='ltr'>der</span> <span class='ocrx_word' id='word_1_326' title='bbox 756 4109 1018 4175; x_wconf 74' lang='lat' dir='ltr'>Qualitat</span> <span class='ocrx_word' id='word_1_327' title='bbox 1050 4111 1324 4167; x_wconf 86' lang='lat' dir='ltr'>beruhen.</span> 
     </span>
     <span class='ocr_line' id='line_1_34' title="bbox 506 4194 2087 4254; baseline 0.002 -4"><span class='ocrx_word' id='word_1_328' title='bbox 506 4200 523 4235; x_wconf 92' lang='lat'>1</span> <span class='ocrx_word' id='word_1_329' title='bbox 560 4194 807 4252; x_wconf 68' lang='lat' dir='ltr'>differoe.</span> <span class='ocrx_word' id='word_1_330' title='bbox 1121 4199 1144 4236; x_wconf 82' lang='lat'><strong>²</strong></span> <span class='ocrx_word' id='word_1_331' title='bbox 1181 4196 1424 4254; x_wconf 84' lang='lat' dir='ltr'>differre.</span> <span class='ocrx_word' id='word_1_332' title='bbox 1736 4203 1760 4240; x_wconf 88' lang='lat'><strong>3</strong></span> <span class='ocrx_word' id='word_1_333' title='bbox 1797 4199 2087 4254; x_wconf 86' lang='lat' dir='ltr'>differunt.</span> 
     </span>
    </p>
   </div>
   <div class='ocr_carea' id='block_1_5' title="bbox 503 4283 2987 4362">
    <p class='ocr_par' dir='ltr' id='par_1_7' title="bbox 503 4283 2987 4362">
     <span class='ocr_line' id='line_1_35' title="bbox 503 4283 2987 4362; baseline -0 -24"><span class='ocrx_word' id='word_1_334' title='bbox 503 4285 528 4322; x_wconf 78' lang='lat'>4</span> <span class='ocrx_word' id='word_1_335' title='bbox 565 4283 780 4339; x_wconf 90' lang='lat' dir='ltr'>Ottobi.</span> <span class='ocrx_word' id='word_1_336' title='bbox 862 4284 977 4339; x_wconf 89' lang='lat' dir='ltr'>Der</span> <span class='ocrx_word' id='word_1_337' title='bbox 1013 4284 1359 4340; x_wconf 84' lang='lat' dir='ltr'>Karmeliter</span> <span class='ocrx_word' id='word_1_338' title='bbox 1394 4286 1672 4356; x_wconf 84' lang='lat' dir='ltr'>Hothby</span> <span class='ocrx_word' id='word_1_339' title='bbox 1719 4287 1855 4341; x_wconf 87' lang='lat' dir='ltr'>tritt</span> <span class='ocrx_word' id='word_1_340' title='bbox 1900 4286 1961 4341; x_wconf 91' lang='lat' dir='ltr'>in</span> <span class='ocrx_word' id='word_1_341' title='bbox 2007 4285 2148 4340; x_wconf 85' lang='lat' dir='ltr'>zwei</span> <span class='ocrx_word' id='word_1_342' title='bbox 2185 4285 2473 4340; x_wconf 85' lang='lat' dir='ltr'>Schriften</span> <span class='ocrx_word' id='word_1_343' title='bbox 2518 4301 2707 4354; x_wconf 81' lang='lat' dir='ltr'>gegen</span> <span class='ocrx_word' id='word_1_344' title='bbox 2752 4284 2869 4338; x_wconf 83' lang='lat' dir='ltr'>An·</span> <span class='ocrx_word' id='word_1_345' title='bbox 2980 4355 2987 4362; x_wconf 27' lang='lat'>⁵</span> 
     </span>
    </p>
   </div>
   <div class='ocr_carea' id='block_1_6' title="bbox 327 4370 2871 4705">
    <p class='ocr_par' dir='ltr' id='par_1_8' title="bbox 327 4370 2871 4705">
     <span class='ocr_line' id='line_1_36' title="bbox 331 4370 2871 4444; baseline -0.001 -18"><span class='ocrx_word' id='word_1_346' title='bbox 331 4370 557 4426; x_wconf 85' lang='lat' dir='ltr'>sichten</span> <span class='ocrx_word' id='word_1_347' title='bbox 608 4370 730 4438; x_wconf 82' lang='lat' dir='ltr'>auf,</span> <span class='ocrx_word' id='word_1_348' title='bbox 778 4371 872 4425; x_wconf 87' lang='lat' dir='ltr'>die</span> <span class='ocrx_word' id='word_1_349' title='bbox 920 4371 1115 4427; x_wconf 85' lang='lat' dir='ltr'>Ramis</span> <span class='ocrx_word' id='word_1_350' title='bbox 1164 4371 1226 4426; x_wconf 87' lang='lat' dir='ltr'>in</span> <span class='ocrx_word' id='word_1_351' title='bbox 1273 4372 1463 4428; x_wconf 90' lang='lat' dir='ltr'>seiner</span> <span class='ocrx_word' id='word_1_352' title='bbox 1510 4373 1772 4429; x_wconf 86' lang='lat' dir='ltr'>Practica</span> <span class='ocrx_word' id='word_1_353' title='bbox 1820 4373 2287 4444; x_wconf 86' lang='lat' dir='ltr'>ausgesprochen</span> <span class='ocrx_word' id='word_1_354' title='bbox 2334 4373 2460 4427; x_wconf 85' lang='lat' dir='ltr'>hat:</span> <span class='ocrx_word' id='word_1_355' title='bbox 2509 4376 2557 4438; x_wconf 84' lang='lat' dir='ltr'>a)</span> <span class='ocrx_word' id='word_1_356' title='bbox 2608 4370 2871 4442; x_wconf 86' lang='lat' dir='ltr'>Epistola</span> 
     </span>
     <span class='ocr_line' id='line_1_37' title="bbox 329 4456 2866 4529; baseline -0.001 -17"><span class='ocrx_word' id='word_1_357' title='bbox 329 4456 431 4512; x_wconf 91' lang='lat' dir='ltr'>ubi</span> <span class='ocrx_word' id='word_1_358' title='bbox 471 4456 767 4512; x_wconf 87' lang='lat' dir='ltr'>cuiusdam</span> <span class='ocrx_word' id='word_1_359' title='bbox 805 4457 1116 4528; x_wconf 85' lang='lat' dir='ltr'>Osmensis,</span> <span class='ocrx_word' id='word_1_360' title='bbox 1155 4459 1458 4528; x_wconf 86' lang='lat' dir='ltr'>Hispanici</span> <span class='ocrx_word' id='word_1_361' title='bbox 1494 4463 1634 4516; x_wconf 90' lang='lat' dir='ltr'>tunc</span> <span class='ocrx_word' id='word_1_362' title='bbox 1669 4461 1732 4516; x_wconf 90' lang='lat' dir='ltr'>in</span> <span class='ocrx_word' id='word_1_363' title='bbox 1766 4462 2001 4529; x_wconf 87' lang='lat' dir='ltr'>honore,</span> <span class='ocrx_word' id='word_1_364' title='bbox 2040 4477 2309 4516; x_wconf 86' lang='lat' dir='ltr'>censuras</span> <span class='ocrx_word' id='word_1_365' title='bbox 2344 4459 2561 4516; x_wconf 86' lang='lat' dir='ltr'>refutat</span> <span class='ocrx_word' id='word_1_366' title='bbox 2598 4457 2866 4524; x_wconf 80' lang='lat' dir='ltr'>(Florem,</span> 
     </span>
     <span class='ocr_line' id='line_1_38' title="bbox 327 4543 2865 4616; baseline 0 -18"><span class='ocrx_word' id='word_1_367' title='bbox 327 4543 480 4599; x_wconf 91' lang='lat' dir='ltr'>Bibl.</span> <span class='ocrx_word' id='word_1_368' title='bbox 517 4543 648 4599; x_wconf 87' lang='lat' dir='ltr'>Naz.</span> <span class='ocrx_word' id='word_1_369' title='bbox 689 4545 876 4600; x_wconf 84' lang='lat' dir='ltr'>Centr.</span> <span class='ocrx_word' id='word_1_370' title='bbox 917 4545 997 4600; x_wconf 87' lang='lat' dir='ltr'>cl.</span> <span class='ocrx_word' id='word_1_371' title='bbox 1035 4546 1170 4600; x_wconf 90' lang='lat' dir='ltr'>XIX</span> <span class='ocrx_word' id='word_1_372' title='bbox 1204 4546 1268 4600; x_wconf 90' lang='lat' dir='ltr'>D.</span> <span class='ocrx_word' id='word_1_373' title='bbox 1307 4547 1416 4614; x_wconf 79' lang='lat'>36);</span> <span class='ocrx_word' id='word_1_374' title='bbox 1453 4549 1507 4614; x_wconf 91' lang='lat' dir='ltr'>b)</span> <span class='ocrx_word' id='word_1_375' title='bbox 1545 4546 1834 4603; x_wconf 83' lang='lat' dir='ltr'>Excitatio</span> <span class='ocrx_word' id='word_1_376' title='bbox 1862 4549 2145 4616; x_wconf 87' lang='lat' dir='ltr'>quaedam</span> <span class='ocrx_word' id='word_1_377' title='bbox 2180 4547 2433 4604; x_wconf 85' lang='lat' dir='ltr'>musicae</span> <span class='ocrx_word' id='word_1_378' title='bbox 2471 4546 2614 4601; x_wconf 85' lang='lat' dir='ltr'>artis</span> <span class='ocrx_word' id='word_1_379' title='bbox 2650 4561 2755 4613; x_wconf 88' lang='lat' dir='ltr'>per</span> <span class='ocrx_word' id='word_1_380' title='bbox 2779 4560 2865 4598; x_wconf 86' lang='lat' dir='ltr'>re-</span> 
     </span>
     <span class='ocr_line' id='line_1_39' title="bbox 328 4631 2863 4705; baseline 0.001 -20"><span class='ocrx_word' id='word_1_381' title='bbox 328 4631 676 4687; x_wconf 85' lang='lat' dir='ltr'>futationem</span> <span class='ocrx_word' id='word_1_382' title='bbox 713 4632 981 4701; x_wconf 80' lang='lat' dir='ltr'>(Florenz,</span> <span class='ocrx_word' id='word_1_383' title='bbox 1020 4633 1164 4688; x_wconf 89' lang='lat' dir='ltr'>Bibl.</span> <span class='ocrx_word' id='word_1_384' title='bbox 1203 4632 1334 4690; x_wconf 84' lang='lat' dir='ltr'>Naz.</span> <span class='ocrx_word' id='word_1_385' title='bbox 1373 4634 1561 4690; x_wconf 85' lang='lat' dir='ltr'>Centr.</span> <span class='ocrx_word' id='word_1_386' title='bbox 1603 4635 1738 4690; x_wconf 89' lang='lat' dir='ltr'>Cod.</span> <span class='ocrx_word' id='word_1_387' title='bbox 1777 4635 1893 4690; x_wconf 89' lang='lat' dir='ltr'>Pal.</span> <span class='ocrx_word' id='word_1_388' title='bbox 1931 4636 2067 4702; x_wconf 83' lang='lat'>472).</span> <span class='ocrx_word' id='word_1_389' title='bbox 2151 4635 2279 4705; x_wconf 81' lang='lat' dir='ltr'>Vgl.</span> <span class='ocrx_word' id='word_1_390' title='bbox 2318 4636 2382 4690; x_wconf 90' lang='lat' dir='ltr'>A.</span> <span class='ocrx_word' id='word_1_391' title='bbox 2411 4635 2499 4689; x_wconf 92' lang='lat' dir='ltr'>W.</span> <span class='ocrx_word' id='word_1_392' title='bbox 2528 4634 2863 4702; x_wconf 85' lang='lat' dir='ltr'>Schmidt,</span> 
     </span>
    </p>
   </div>
   <div class='ocr_carea' id='block_1_7' title="bbox 329 4717 2861 4794">
    <p class='ocr_par' dir='ltr' id='par_1_9' title="bbox 329 4717 2861 4794">
     <span class='ocr_line' id='line_1_40' title="bbox 329 4717 2861 4794; baseline 0.002 -23"><span class='ocrx_word' id='word_1_393' title='bbox 329 4718 434 4772; x_wconf 90' lang='lat' dir='ltr'>Die</span> <span class='ocrx_word' id='word_1_394' title='bbox 463 4717 758 4790; x_wconf 85' lang='lat' dir='ltr'>Calliopea</span> <span class='ocrx_word' id='word_1_395' title='bbox 781 4719 972 4790; x_wconf 83' lang='lat' dir='ltr'>legale</span> <span class='ocrx_word' id='word_1_396' title='bbox 999 4720 1098 4774; x_wconf 87' lang='lat' dir='ltr'>des</span> <span class='ocrx_word' id='word_1_397' title='bbox 1125 4719 1416 4778; x_wconf 85' lang='lat' dir='ltr'>Johannes</span> <span class='ocrx_word' id='word_1_398' title='bbox 1441 4721 1679 4793; x_wconf 81' lang='lat' dir='ltr'>Hothby</span> <span class='ocrx_word' id='word_1_399' title='bbox 1707 4722 1973 4794; x_wconf 85' lang='lat' dir='ltr'>(Leipzig,</span> <span class='ocrx_word' id='word_1_400' title='bbox 2003 4723 2185 4779; x_wconf 82' lang='lat' dir='ltr'>Hesse</span> <span class='ocrx_word' id='word_1_401' title='bbox 2212 4741 2265 4777; x_wconf 93' lang='lat' dir='ltr'>u.</span> <span class='ocrx_word' id='word_1_402' title='bbox 2293 4722 2513 4778; x_wconf 87' lang='lat' dir='ltr'>Becker</span> <span class='ocrx_word' id='word_1_403' title='bbox 2537 4721 2705 4792; x_wconf 82' lang='lat'>1897),</span> <span class='ocrx_word' id='word_1_404' title='bbox 2734 4722 2787 4778; x_wconf 87' lang='lat' dir='ltr'>S.</span> <span class='ocrx_word' id='word_1_405' title='bbox 2813 4722 2861 4776; x_wconf 87' lang='lat'>9.</span> 
     </span>
    </p>
   </div>
  </div>
 </body>
</html>
