3592 5509
1386 457 1469 466 -.
1558 417 1817 482 45...-

338 587 693 654 cathedrali
737 587 1042 672 reclusuS‚
1102 611 1246 655 cum
1302 590 1380 655 de
1435 590 1700 656 vocibus
1755 593 2033 657 tractare
2090 592 2335 675 incipit,
2397 615 2504 656 eas
2559 591 2871 657 dictiones

335 720 600 783 graecas
647 696 933 782 appellat
978 701 1044 763 et
1089 697 1297 764 addit:
1349 697 1580 763 Graeci
1624 701 1879 762 tantum
1923 698 2256 764 habebant
2297 700 2576 785 quinque
2624 700 2872 766 scilicet

334 826 422 888 re,
467 808 578 887 mi,
627 807 702 890 fa
745 808 853 891 sol,
902 808 981 888 la,
1034 810 1325 872 carentes
1371 812 1462 870 ut.
1539 806 1784 872 Probat
1814 806 1955 890 hoc,
2006 808 2157 892 quia
2196 830 2299 873 ars
2330 809 2591 874 illorum
2622 832 2659 873 a
2689 830 2873 893 pros-

335 914 831 979 lambanomeno
877 913 1122 997 incipit,
1173 915 1344 999 quod
1392 919 1490 979 est
1519 935 1560 978 a
1588 936 1671 979 re.
1764 914 1925 986 Inde
1958 915 2283 981 concludit
2311 916 2633 983 intentum
2666 940 2871 983 suum.

336 1020 576 1085 Verum
629 1020 752 1087 hoc
807 1043 936 1087 non
995 1025 1166 1087 esset
1223 1022 1292 1086 in
1336 1021 1552 1087 lucem
1608 1027 1673 1087 et
1726 1024 1794 1087 in
1850 1023 2179 1107 publicum
2234 1025 2695 1103 adducendum,
2758 1026 2873 1090 sed

338 1151 456 1213 pro
502 1129 772 1194 ridiculo
810 1134 886 1194 ‚et
927 1129 1208 1195 ludibrio
1252 1130 1639 1196 habendum.

508 1237 644 1303 Nos
688 1237 890 1324 igitur
932 1237 1000 1302 in
1045 1237 1168 1303 hac
1212 1261 1380 1304 nova
1423 1242 1647 1304 nostra
1678 1240 2195 1323 speciosissimae
2241 1241 2399 1305 artis
2443 1241 2651 1306 forma
2696 1242 2878 1306 miri-
2917 1236 2945 1264 ⁸

334 1345 452 1411 fice
509 1345 813 1410 delectati
870 1346 1212 1411 statuimus
1267 1347 1335 1411 in
1392 1368 1426 1410 c
1479 1352 1738 1412 cantum
1800 1345 2122 1431 inchoare,
2180 1353 2318 1412 tum
2380 1349 2530 1434 quia
2582 1348 2697 1414 illa
2748 1372 2879 1414 vox

335 1453 720 1521 nobiliorem
766 1458 992 1519 tonum
1036 1458 1232 1537 tenet,
1298 1459 1371 1519 ut
1420 1459 1578 1538 post.
1629 1455 1895 1540 dicetur,
1953 1461 2091 1520 tum
2139 1457 2335 1521 etiam
2382 1456 2548 1541 quia,
2607 1461 2680 1521 ut
2731 1458 2871 1542 ipse

337 1561 586 1627 Guido
635 1563 744 1644 ait,
791 1567 1022 1628 natura
1068 1585 1481 1628 numerorum
1529 1586 1672 1627 eam
1724 1564 2090 1648 reperimus
2134 1565 2427 1648 primam.
2531 1564 2870 1630 Faciamus

333 1671 534 1756 igitur
591 1671 716 1735 sibi
775 1671 1086 1755 diapason
1143 1694 1336 1736 unam
1390 1671 1458 1736 in
1503 1671 1785 1758 graviori
1841 1676 2026 1757 parte
2073 1671 2394 1757 aliamque
2450 1674 2519 1738 in
2578 1673 2867 1756 acutiori,

333 1779 427 1842 ita
471 1783 544 1842 ut
587 1778 794 1844 tribus
841 1779 1153 1863 diapason
1197 1781 1443 1845 musica
1486 1783 1710 1845 nostra
1755 1781 2181 1859 contineatur,
2236 1784 2310 1846 ut
2353 1803 2483 1846 non
2530 1780 2739 1846 solum
2786 1781 2873 1846 sit

337 1887 514 1951 utilis
584 1887 1021 1954 ecclesiastico
1068 1888 1302 1966 cantui,
1373 1909 1595 1952 verum
1657 1891 1854 1954 etiam
1922 1888 2197 1954 seculari
2261 1889 2616 1954 curiosiori.
2730 1889 2873 1954 Erit

334 1994 536 2078 igitur
607 1995 854 2060 musica
929 1995 1318 2082 Gregorii,
1397 1996 1833 2078 Ambrosii,
1910 1996 2371 2083 Augustini,
2450 1997 2869 2082 Bernardi,

333 2103 650 2187 Isidori,
729 2102 1087 2169 Oddonis
1151 2102 1579 2183 enchiridion,
1653 2104 2079 2188 GuidoniS,
2151 2105 2260 2190 qui
2329 2106 2411 2170 ab
2477 2105 2623 2170 istis
2684 2106 2866 2190 quasi

334 2215 540 2275 totam
587 2213 951 2296 assumpsit,
1009 2234 1395 2297 suorumque
1442 2215 1850 2297 sequentium
1897 2213 2063 2278 sicut
2119 2212 2223 2279 lex
2270 2214 2643 2298 scripturae,
2707 2236 2871 2299 quae

334 2341 465 2384 non
511 2320 809 2386 omnibus
857 2321 1006 2386 data
1051 2320 1208 2402 fuit;
1270 2344 1422 2386 nam
1477 2321 1678 2406 aliqui
1732 2322 1873 2386 sine
1934 2345 2009 2387 ea
2065 2321 2381 2387 hodierna
2434 2322 2537 2386 die
2585 2326 2868 2387 cantant.

334 2428 575 2493 Nostra
619 2433 837 2494 autem
884 2428 1203 2495 catholica
1248 2431 1382 2495 sive
1430 2430 1811 2495 universalis
1859 2431 1981 2495 erit
2026 2431 2194 2495 sicut
2236 2430 2341 2495 lex
2386 2431 2655 2516 gratiae,
2706 2453 2869 2515 quae

333 2536 548 2622 legem
606 2537 960 2621 scripturae
1013 2537 1081 2602 in
1139 2560 1208 2602 se
1270 2538 1559 2604 continet
1604 2542 1796 2623 atque
1842 2543 2131 2603 naturae.
2257 2537 2365 2603 Sic
2410 2538 2606 2604 etiam
2650 2544 2878 2604 nostra.

331 2648 558 2722 totum,
625 2645 794 2729 quod
851 2645 961 2710 isti
1019 2644 1439 2732 ecclesiastici
1497 2646 1620 2710 viri
1678 2651 1744 2710 et
1811 2646 2273 2730 sapientissimi
2332 2646 2561 2711 musici
2622 2646 2871 2731 antiqui

335 2751 632 2816 dixerunt
679 2757 744 2816 et
787 2753 1192 2833 invenerunt,
1240 2753 1616 2819 continebit.

509 2860 671 2924 Cum
717 2861 918 2946 igitur
961 2865 1256 2926 octavam
1301 2863 1420 2926 sub
1466 2884 1500 2926 c
1542 2861 1843 2945 ponimus
1874 2885 2115 2946 vocem,
2164 2885 2246 2927 ne
2292 2864 2607 2928 mirentur
2635 2863 2865 2946 Italici,

337 2969 486 3052 quia
533 2973 788 3033 constat
829 2990 959 3033 non
1009 2991 1148 3034 esse
1193 2991 1451 3052 novum,
1499 2971 1613 3035 sed
1643 2970 2163 3055 frequentissime
2195 2971 2505 3036 usitatum
2550 2975 2616 3036 et
2656 2971 2872 3037 omnia

337 3077 474 3142 fere
519 3076 917 3161 polychorda
959 3079 1434 3144 neotericorum
1488 3077 1648 3144 illud
1694 3078 1958 3144 habent.
2050 3079 2483 3164 Antiquorum
2536 3102 2690 3145 vero
2733 3102 2874 3144 mo-

333 3183 666 3254 nochorda
710 3187 778 3250 in
825 3186 1049 3250 eadem
1095 3208 1127 3250 c
1170 3188 1353 3272 gravi
1398 3186 1628 3251 fecisse
1673 3187 2063 3272 principium
2105 3188 2426 3272 reperitur
2473 3209 2591 3272 per
2632 3187 2871 3252 instru-

331 3297 567 3358 menta.
661 3294 819 3358 Inde
867 3316 1022 3381 ergo
1079 3317 1200 3360 nos
1256 3296 1324 3360 in
1380 3298 1571 3360 cantu
1628 3297 1696 3360 in
1744 3295 1969 3360 eadem
2025 3295 2245 3360 littera
2298 3296 2641 3362 statuimus
2693 3296 2869 3382 prin-

334 3403 591 3486 cipium,
660 3403 730 3466 in
790 3402 1227 3469 monochordo
1285 3407 1500 3468 autem
1555 3405 1905 3469 secundum
1968 3403 2250 3469 Graecos
2307 3404 2605 3470 Boetium
2664 3405 2868 3470 secuti

331 3511 400 3574 in
444 3531 501 3574 a.
932 3505 941 3509 “

391 3622 397 3626 ’
502 3619 687 3689 Nunc
733 3623 948 3684 autem
994 3623 1200 3684 artem
1245 3621 1751 3705 memorativam,
1811 3621 1935 3686 hoc
1982 3625 2081 3686 est
2140 3643 2258 3705 per
2314 3621 2667 3707 digitorum
2724 3621 2869 3686 iun-

333 3731 545 3792 cturas
591 3726 842 3793 litteras
873 3729 1192 3793 canendas
1233 3751 1378 3793 cum
1410 3728 1676 3794 vocibus
1708 3728 1833 3795 hoc
1862 3730 2055 3795 modo
2101 3730 2171 3793 in
2202 3729 2418 3813 palma
2449 3728 2859 3795 collocamus.

331 3835 479 3906 Non
525 3836 662 3900 sine
708 3836 958 3901 ratione
1005 3840 1078 3900 ut
1110 3836 1360 3903 Guido
1407 3838 1488 3902 ad
1532 3836 1790 3902 libitum
1838 3838 1951 3902 sed
1997 3859 2142 3902 cum
2187 3837 2468 3902 maxima
2511 3839 2607 3902 rei
2639 3837 2868 3902 simili-

335 3944 559 4008 tudine
614 3965 803 4009 voces
859 3943 1270 4028 disponemus
1323 3944 1447 4009 hoc
1500 3945 1718 4011 modo:
1778 3945 1880 4010 Sit
1935 3967 2287 4011 concavum
2329 3945 2743 4012 instrumenti
2797 3945 2867 4040 in

333 4073 613 4122 concavo
657 4074 904 4131 manuS,
960 4051 1074 4118 ubi
1121 4052 1449 4118 silentium
1493 4057 1788 4137 ponatur,
1852 4053 2157 4138 quoniam
2200 4054 2294 4119 ibi
2338 4052 2519 4118 nulla
2561 4075 2685 4120 vox
2727 4054 2868 4118 fieri

335 4161 546 4244 debet,
608 4161 854 4246 eritque
901 4162 1068 4226 sicut
1112 4165 1301 4225 terra.
1395 4161 1646 4226 Deinde
1691 4161 1902 4246 prima
1945 4184 2070 4226 vox
2114 4161 2183 4226 in
2227 4162 2527 4227 restricta
2570 4165 2863 4246 ponetur,

330 4270 450 4333 sub
483 4291 610 4354 qua
638 4269 898 4355 gravior
926 4289 1060 4334 non
1105 4269 1190 4334 sit
1219 4270 1534 4353 ponenda,
1587 4271 1738 4354 quia
1769 4268 2099 4335 silentium
2133 4270 2283 4351 erit3
2332 4292 2484 4334 nam
2516 4290 2865 4335 concavum

327 4399 554 4441 manus
601 4388 746 4457 (pag.
774 4381 858 4460 35)
908 4399 1138 4443 carens
1183 4377 1482 4442 iunctura
1525 4382 1706 4443 motu
1753 4383 1933 4444 caret
1977 4378 2301 4444 distincto,
2396 4377 2526 4443 Sed
2571 4376 2867 4442 restricta

238 4571 242 4576 ι
327 4489 575 4550 motum
606 4484 806 4551 habet
835 4487 1114 4570 primum
1147 4509 1225 4552 ex
1257 4486 1688 4570 applicatione
1719 4486 1960 4552 montis
1992 4486 2246 4571 pollicis
2293 4487 2374 4551 ad
2404 4485 2865 4572 pinguedinem

330 4616 577 4658 manus,
670 4595 828 4659 Inde
873 4594 1091 4680 igitur,
1141 4595 1292 4680 quia
1337 4599 1551 4659 motus
1596 4595 1690 4660 ibi
1739 4599 1857 4680 est,
1906 4617 2134 4660 sonum
2181 4594 2569 4673 locabimus;
2634 4594 2864 4659 deinde

331 4703 610 4767 secunda
665 4724 788 4768 vox
841 4703 908 4767 in
963 4703 1178 4768 radice
1231 4703 1488 4788 pollicis
1540 4703 1608 4769 in
1662 4708 1847 4788 parte
1898 4704 2217 4788 exteriori,
2277 4704 2389 4769 ubi
2445 4703 2608 4768 alius
2652 4706 2864 4769 motus
