3592 5509
1392 446 1647 510 -27
1738 485 1825 493 --

344 625 418 685 ut
447 624 920 706 cognoscantur
940 621 1085 686 loca
1113 621 1290 685 illius
1323 620 1626 685 distincta
1648 623 1915 704 propter
1932 619 2423 685 intervallorum
2456 618 2886 683 differentiam

347 733 412 794 et
469 729 1024 812 intercapedinum
1065 727 1619 812 inaequalitatem,
1685 727 1981 812 signatur
2045 749 2174 792 una
2240 727 2500 792 illarum
2565 725 2882 790 linearum

344 905 470 971 hoc
528 819 775 1087 {ssl
825 906 1013 991 signo
1067 905 1173 970 vel
1213 905 1344 970 isto
1390 876 1586 1016 ΞΞΞῖ,
1636 926 1909 991 quorum
1948 905 2232 991 'primum
2283 905 2329 989 f
2370 925 2593 990 grave,
2659 923 2886 967 secun-

319 1073 499 1156 ‘dum
557 1113 710 1156 vero
763 1113 796 1156 c
853 1095 1110 1156 acutum
1166 1092 1581 1156 demonstrat.
1690 1091 1775 1156 Et
1837 1090 1998 1156 haec
2061 1090 2249 1176 signa
2303 1090 2617 1156 neoterici
2672 1089 2886 1155 claves

346 1200 676 1285 appellare
722 1199 954 1283 solent,
1003 1200 1308 1283 quoniam
1351 1199 1496 1264 loca
1538 1199 1883 1264 manifeste
1932 1199 2393 1264 demonstrant.

521 1307 953 1392 Disponemus
1017 1307 1217 1392 igitur
1272 1307 1478 1371 lineas
1549 1305 1859 1392 quinque:
1942 1328 2089 1371 cum
2153 1307 2361 1391 primo
2430 1307 2617 1393 signo
2675 1305 2891 1372 media

346 1415 608 1480 illarum
655 1416 931 1502 signata,
981 1415 1153 1500 quod
1201 1419 1299 1479 est
1342 1416 1392 1500 f,
1450 1414 1638 1480 cadet
1681 1436 1731 1491 c,
1780 1415 1955 1499 quod
1998 1417 2096 1478 sal
2140 1415 2432 1498 diximus,
2481 1417 2550 1479 in
2595 1414 2807 1498 spatio
2854 1438 2893 1479 a

347 1523 519 1588 linea
562 1522 855 1588 inferiori
903 1527 968 1587 et
1013 1507 1310 1607 sequenti
1355 1503 1659 1587 contento
1707 1527 1773 1588 et
1814 1522 1885 1587 in
1929 1522 2106 1587 linea
2148 1523 2466 1588 secunda³
2513 1525 2574 1602 d,
2623 1523 2795 1609 quod
2840 1524 2892 1587 li

351 1631 835 1715 appellavimUS,
887 1635 952 1696 et
993 1630 1064 1695 in
1109 1630 1321 1714 spatio
1378 1630 1498 1695 sub
1560 1630 1736 1695 linea
1791 1631 2049 1716 signata
2093 1635 2397 1696 contento
2455 1653 2503 1713 e,
2566 1631 2736 1716 quod
2784 1636 2893 1695 tur

350 1739 876 1823 nuncupavimus
970 1738 1048 1803 In
1093 1737 1217 1803 hac
1262 1719 1470 1824 igitur
1505 1736 1679 1802 linea
1722 1738 1987 1822 ponitur
2020 1759 2143 1823 per
2201 1743 2266 1803 et
2319 1738 2387 1803 in
2442 1739 2653 1822 spatio
2700 1760 2893 1822 super

350 1850 495 1932 ipsa
539 1852 863 1929 contento,
915 1847 1087 1931 quod
1134 1849 1233 1910 est
1270 1867 1330 1930 9,
1380 1866 1489 1926 2203
1541 1849 1605 1910 et
1649 1847 1942 1929 sequitur
1987 1847 2216 1912 eodem
2259 1847 2451 1911 modo
2500 1847 2578 1911 de
2623 1843 2892 1930 reliquis

351 1957 621 2022 scilicet:
681 1977 806 2038 cce,
853 1957 930 2036 ie,
1000 1959 1097 2018 tas
1139 1955 1262 2037 ita,
1321 1954 1492 2038 quod
1541 1959 1636 2017 tas
1693 1954 1762 2018 in
1818 1954 1995 2019 linea
2055 1955 2242 2019 cadet
2288 1953 2521 2037 altiori,
2573 1955 2745 2038 quod
2792 1959 2891 2019 est

353 2065 526 2129 aliud
571 2085 621 2146 c,
670 2063 782 2128 ubi
829 2067 928 2126 est
973 2061 1101 2127 alia
1146 2061 1344 2127 clavis
1391 2061 1724 2127 collocata.
1816 2063 1905 2127 At
1950 2062 2005 2126 si
2049 2063 2344 2127 volumus
2378 2084 2524 2126 cum
2554 2062 2677 2127 hac
2720 2063 2891 2127 idem

351 2172 562 2237 facere
623 2172 693 2236 in
748 2169 964 2236 altiori
1022 2171 1264 2254 posita,
1333 2170 1508 2234 idem
1567 2171 1837 2235 eveniet.
1931 2170 2062 2236 Sed
2118 2172 2174 2235 si
2235 2171 2434 2237 clavis
2477 2171 2606 2235 ista
2648 2193 2782 2236 non
2824 2172 2895 2235 in

354 2279 569 2345 altiori
631 2279 743 2343 sed
786 2279 857 2343 in
902 2279 1322 2362 subsequenti
1367 2285 1664 2362 ponatur,
1743 2279 1863 2344 sub
1917 2279 2093 2343 linea
2153 2279 2363 2362 prima
2418 2281 2518 2342 sal
2559 2299 2891 2363 ponemus,

350 2389 438 2452 Et
481 2388 573 2452 sic
623 2392 719 2450 tas
760 2386 830 2450 in
874 2386 1049 2451 linea
1094 2388 1282 2451 cadet
1324 2387 1600 2472 signata,
1651 2387 1824 2471 quod
1871 2386 2067 2451 etiam
2114 2408 2259 2450 cum
2297 2388 2506 2471 prima
2549 2387 2677 2465 fiet,
2727 2387 2783 2450 si
2826 2385 2896 2449 in

352 2495 526 2560 linea
581 2479 818 2578 quarta
863 2516 902 2558 a
960 2494 1277 2578 superiori
1339 2498 1634 2577 ponatur,
1694 2493 1790 2558 ita
1845 2494 2016 2578 quod
2066 2515 2187 2559 nec
2239 2494 2451 2559 lineae
2507 2516 2627 2559 nec
2684 2493 2898 2579 spatia

353 2603 525 2668 inter
553 2602 760 2667 lineas
794 2605 1097 2667 contenta
1129 2623 1384 2685 semper
1416 2601 1685 2666 eandem
1715 2602 2034 2667 tenebunt
2062 2622 2302 2667 vocem.
2384 2601 2514 2667 Sed
2546 2601 2897 2667 secundum

357 2710 528 2796 quod
575 2710 774 2775 clavis
819 2710 1028 2795 magis
1073 2709 1180 2773 vel
1223 2708 1436 2773 minus
1483 2723 1628 2789 (pag.
1677 2721 1766 2783 22)
1816 2710 2191 2790 elevabitur,
2238 2712 2537 2796 graviora
2582 2731 2699 2775 seu
2744 2731 2898 2774 acu-

355 2820 523 2882 tiora
578 2817 722 2882 loca
780 2816 1114 2881 tenebunt.
1155 2793 1167 2812 Χ
1222 2815 1640 2903 Signabimus
1696 2817 1899 2903 igitur
1955 2840 2125 2883 nunc
2179 2818 2501 2903 duplicem
2568 2819 2896 2902 diapason,

356 2952 551 2994 unam
597 2952 635 2993 a
678 2929 898 2994 littera
954 2929 1042 2994 04
1096 2928 1166 2993 in
1219 2951 1252 2994 c
1305 2933 1560 2993 acutam
1615 2933 1680 2993 et
1734 2929 1929 2994 aliam
1984 2930 2066 2995 ab
2124 2931 2365 3004 eadem,
2392 2931 2461 2994 in
2508 2923 2587 3028 {⁵
2632 2952 2899 3015 supera-

358 3047 588 3123 cutam‚
638 3046 712 3105 ut
753 3039 1134 3105 inchoantes
1179 3063 1296 3124 per
1341 3041 1593 3106 diversa
1635 3041 1781 3106 loca
1827 3047 2178 3107 connotent
2221 3063 2429 3107 voces,

2304 3279 2900 3330 ᾖ

353 3199 1752 3494 ffl—Z—
1307 3231 1326 3242 ’
1529 3221 2602 3460 ’ΞΞΞἮΞΕ-ΞΕἿ
2607 3355 2902 3459 -31—

529 3521 534 3526 ·
619 3493 715 3548 Sal
760 3493 806 3547 li
855 3497 952 3548 tur
976 3510 1081 3563 per
1105 3511 1176 3548 νο
1242 3511 1315 3548 νο
1354 3494 1534 3548 cesis
1582 3496 1816 3565 tasltas
1852 3495 1903 3551 is
1959 3513 2054 3550 ces
2088 3512 2161 3551 vo
2225 3513 2299 3551 vo
2325 3497 2544 3565 pertur
2589 3494 2634 3548 li
2688 3495 2773 3550 sal

647 3579 1523 3660 GDEFGGaq
1617 3598 1646 3635 ο
1761 3577 1900 3663 ch}
1994 3581 2156 3636 αθ
2251 3581 2760 3635 GFEDG

402 4026 406 4032 ’
524 4035 620 4090 Sal
664 4033 710 4087 li
761 4035 856 4086 tur
875 4049 981 4102 per
1005 4050 1077 4088 νο
1191 4049 1262 4088 νο
1302 4051 1394 4088 ces
1439 4035 1488 4089 is
1532 4037 1622 4090 tas
1718 4037 1809 4091 tas
1852 4036 1903 4090 is
1952 4053 2045 4090 ces
2082 4053 2154 4090 vo
2251 4039 2355 4090 vo⁷
2374 4053 2479 4106 per
2497 4039 2593 4090 tur
2635 4037 2692 4091 li·
2736 4036 2820 4090 sal

1327 4141 1365 4177 a
1455 4113 1488 4186 h
1569 4140 1598 4177 e
1759 4141 1787 4176 c
1868 4119 1925 4184 Ξ
1994 4125 2062 4177 αθ

559 4224 586 4259 ο
670 4208 707 4260 d
798 4225 824 4261 e
912 4207 948 4275 f
1026 4226 1064 4277 y
1220 4227 1256 4278 q
1330 4227 1366 4263 a
1455 4214 1487 4284 :s
1567 4226 1596 4262 c
1759 4227 1788 4262 c
1867 4202 1901 4288 ζ
1994 4228 2031 4264 a
2109 4227 2145 4278 y
2286 4227 2324 4278 y
2409 4208 2445 4276 f
2533 4227 2559 4262 e
2645 4211 2683 4263 d
2768 4227 2796 4262 c

541 4438 556 4472 ¹
596 4433 749 4490 Oder
821 4399 1024 4542 ἓ.
1338 4435 1360 4473 2
1396 4433 1548 4488 Oder
1608 4399 1765 4538 Ξ.
2080 4436 2105 4475 ³
2139 4434 2327 4504 prima
2364 4434 2630 4489 secunda.

534 4557 634 4610 4e.
1054 4559 1157 4610 50.
1561 4547 1922 4638 δαήσοξα.
2340 4554 2908 4610 ⁷FehltimDruck.

533 4645 557 4681 ⁸
592 4641 698 4697 Die
743 4642 1170 4698 Notenzeichen
1214 4643 1411 4700 fehlen
1469 4644 1547 4697 im
1581 4640 1790 4697 Druck.
1864 4641 1969 4697 Die
2008 4638 2494 4698 Tonbuchstaben
2540 4643 2643 4696 der
2688 4640 2908 4695 dritten

366 4726 588 4782 Oktave
630 4728 762 4783 sind
795 4746 905 4782 nur
945 4729 1174 4784 einfach
1210 4731 1448 4799 gesetzt.
