3592 5509
1809 407 2234 472 -56-

753 583 851 650 Ex
906 605 1033 669 quo
1088 582 1445 649 notandum
1500 585 1617 661 est,
1682 581 1854 665 quod
1905 581 2190 645 musicus
2243 582 2458 644 motus
2515 580 2598 644 ab
2652 578 2800 662 ipso
2853 577 3048 642 modo
3099 580 3302 660 proto

755 691 1152 778 scilicetyel
1197 691 1465 755 deutero
1512 691 1625 754 aut
1680 688 1812 753 alio
1858 686 2236 773 qualitatem
2279 685 2484 752 trahit
2529 691 2596 751 et
2647 685 3096 750 differentiam.
3193 683 3306 748 De

758 799 861 866 his
910 821 1066 885 ergo
1110 797 1489 884 singulatim
1534 796 1878 862 dicendum
1925 800 2038 861 est.
2089 797 2233 876 (pag.
2257 797 2342 877 43)

1541 1117 2034 1202 capitulum
2085 1115 2462 1188 tertium.

752 1305 846 1380 In
902 1332 1051 1402 quo
1106 1307 1433 1379 musicae
1488 1306 1932 1395 mundanae,
1991 1305 2364 1376 humanae
2411 1330 2498 1376 ac
2534 1301 3121 1376 instrumentalis
3155 1327 3304 1396 per

1398 1470 1615 1534 tonos
1671 1458 2150 1534 conformitas
2205 1460 2640 1533 ostenditur.

752 1637 975 1773 ISTA
1008 1637 1250 1703 etenim
1288 1639 1536 1704 musica
1578 1636 2094 1702 instrumentalis
2137 1637 2483 1702 maximam
2527 1635 2728 1702 habet
2771 1633 3299 1700 conformitatem

856 1751 929 1811 et·
966 1745 1458 1810 similitudinem
1502 1766 1649 1809 cum
1702 1743 1987 1809 humana
2030 1745 2499 1828 mundanaque.
2594 1743 2756 1808 Cum
2810 1742 3096 1807 humana
3152 1743 3298 1827 qui-

754 1855 901 1919 dem
967 1852 1091 1919 hoc
1157 1854 1379 1918 modo:
1457 1874 1609 1917 nam
1679 1856 1956 1937 quatuor
2029 1852 2130 1916 illi
2204 1851 2380 1917 modi
2461 1855 2736 1936 quatuor
2810 1849 3294 1935 complexiones

751 1961 1035 2026 hominis
1088 1965 1371 2025 movent.
1462 1958 1650 2026 Unde
1706 1965 1932 2044 protus
1984 1959 2275 2046 flegmati
2332 1959 2717 2042 dominatur,
2774 1959 3079 2023 deuterus
3136 1979 3294 2022 vero

751 2069 1023 2150 colerae,
1084 2069 1275 2134 tritus
1322 2067 1644 2154 sanguini,
1697 2069 2022 2132 tetrardus
2071 2071 2288 2132 autem
2333 2067 2594 2154 segnior
2641 2071 2706 2133 et
2750 2067 2999 2133 tardior
3041 2066 3292 2132 melan-

752 2175 1021 2242 choliae.
1112 2177 1347 2242 Protus
1399 2175 1541 2259 ipse
1596 2176 1827 2240 modus
1885 2175 2124 2262 flegma
2179 2180 2398 2241 movet
2442 2199 2482 2240 a
2536 2197 2763 2240 somno
2827 2174 3170 2240 excitando
3229 2179 3298 2239 et

753 2284 845 2348 sic
892 2284 1029 2349 eius
1074 2283 1282 2370 figura
1327 2283 1543 2349 colore
1588 2283 1922 2348 cristalino
1968 2283 2356 2369 depingitur,
2416 2284 2720 2368 quoniam
2767 2283 3022 2348 coelum
3065 2283 3296 2347 crista-

750 2392 955 2458 linum
1002 2415 1081 2458 ex
1128 2391 1312 2476 aquis
1357 2391 1565 2456 fertur
1610 2413 1752 2456 esse
1796 2391 2072 2475 factum,
2131 2392 2302 2475 quod
2350 2391 2742 2456 elementum
2791 2391 3034 2477 ,flegma
3093 2395 3291 2456 creat.

752 2499 882 2564 Sed
936 2501 1237 2584 ponimus
1293 2498 1695 2564 cristalinum
1756 2503 1824 2564 et
1882 2521 2015 2564 non
2067 2499 2340 2564 aliarum
2395 2521 2705 2583 aquarum
2765 2498 3075 2581 colorem,
3145 2499 3298 2582 quia

749 2629 881 2672 non
928 2629 1155 2696 omnes
1215 2606 1512 2672 homines
1569 2606 1924 2692 flegmatici
1981 2629 2212 2672 sonum
2269 2629 2532 2672 suavem
2593 2607 2993 2692 perpendere
3051 2606 3294 2670 valent.

751 2714 881 2779 Sed
927 2715 1049 2779 viri
1103 2714 1426 2801 ingeniosi
1483 2718 1549 2779 et
1594 2713 1760 2779 sicut
1806 2714 2164 2778 cristallum
2207 2714 2551 2799 perspicui,
2613 2715 2741 2799 qui,
2799 2735 2944 2780 cum
3003 2713 3298 2798 aliquan-

750 2822 957 2887 tulum
1016 2828 1128 2888 aut
1185 2823 1330 2887 cibo
1381 2822 1523 2887 ¹sive
1583 2821 1850 2905 crapula
1905 2826 2017 2888 aut
2070 2821 2286 2906 aliquo
2333 2822 2463 2888 alio
2522 2822 2918 2888 extrinsecus
2973 2823 3297 2889 accidenti

750 2929 1055 3016 flegmate
1113 2935 1485 3015 gravantur,
1544 2951 1846 3014 soporem
1892 2933 2006 2994 aut
2061 2930 2342 3014 aliquam
2396 2929 2731 3016 pigritiem
2784 2931 3134 2995 inducente
3191 2930 3297 2995 vel

752 3036 1089 3102 tristitiam
1131 3043 1321 3120 proto
1353 3038 1547 3103 modo
1591 3041 1982 3121 personante
2029 3037 2406 3103 allevantur.
2485 3040 2574 3103 At
2618 3060 2771 3103 vero
2819 3060 2971 3104 suus
3016 3038 3296 3124 plagalis
3332 3121 3348 3140 .

750 3144 1077 3210 contrario
1122 3145 1317 3210 modo
1361 3167 1431 3210 se
1476 3143 1693 3216 hahet.
1779 3144 1951 3210 Nam
1991 3145 2240 3229 primus
2283 3151 2496 3228 tonus,
2541 3151 2617 3211 ut
2660 3146 2818 3212 dicit
2860 3147 3292 3212 Lodovicus

751 3251 1048 3334 Sancii,
1098 3258 1199 3317 est
1241 3253 1501 3318 mobilis
1549 3257 1615 3318 et
1662 3252 1900 3319 habilis
1948 3254 2028 3318 ad
2074 3275 2298 3320 omnes
2344 3254 2634 3338 affectus,
2691 3254 2939 3320 scilicet
2985 3255 3292 3338 optabilis

750 3363 824 3424 ut
879 3361 950 3424 in
994 3360 1281 3425 canticis,
1373 3360 1707 3428 Secundus
1754 3383 1910 3426 vero
1967 3365 2064 3426 est
2106 3361 2324 3447 gravis
2385 3365 2450 3426 et
2493 3361 2730 3427 flebilis
2788 3366 2853 3427 et
2909 3362 3166 3427 miseris
3229 3368 3292 3427 et

748 3468 953 3553 pigris
997 3469 1277 3532 maxime
1339 3469 1727 3534 conveniens
1779 3474 1855 3533 ut
1915 3469 1985 3533 in
2046 3469 2297 3534 threnis
2361 3473 2426 3534 et
2459 3470 3062 3538 ‘lamentationibus
3117 3471 3294 3536 Iere-

750 3575 938 3640 miae.
1031 3575 1130 3639 Ex
1172 3575 1441 3641 tristitia
1487 3578 1661 3641 enim
1706 3599 2005 3642 somnum
2050 3578 2135 3642 ob
2179 3576 2502 3662 flegmatis
2547 3578 2904 3644 motionem
2947 3579 3290 3663 provenire

745 3705 878 3748 non
910 3683 1297 3748 dubitamus.
1375 3683 1563 3750 Unde
1607 3684 1796 3749 illud:
1849 3689 2032 3750 erant
2063 3685 2232 3750 oculi
2267 3707 2488 3750 eorum
2516 3687 2771 3772 gravati
2799 3709 2956 3772 prae
3001 3688 3287 3752 tristitia.

749 3789 911 3853 Erat
970 3794 1185 3855 autem
1228 3790 1671 3878 pythagoricis
1728 3792 1799 3856 in
1844 3814 2117 3875 morem,
2178 3797 2275 3871 ut,
2339 3815 2484 3858 cum
2545 3794 2879 3860 diuturnas
2934 3795 3004 3860 in
3064 3817 3291 3860 somno

750 3917 936 3963 curas
1003 3897 1433 3983 resolverent,
1503 3898 1864 3984 hypodorio
1933 3904 2292 3984 uterentur,
2367 3905 2440 3965 ut
2507 3903 2600 3967 eis
2664 3902 2833 3967 lenis
2901 3907 2967 3968 et
3033 3905 3290 3988 quietus

752 4026 1015 4070 somnus
1058 4005 1394 4090 irreperet.
1485 4007 1862 4091 Experrecti
1906 4029 2060 4072 vero
2108 4008 2289 4074 dorio
2335 4014 2665 4093 stuporem
2711 4011 2922 4076 somni
2967 4011 3292 4077 confusio-

748 4133 1025 4196 nemque
1071 4114 1441 4200 purgabant
1498 4114 1779 4180 scientes
1823 4115 2154 4198 nimirum,
2212 4120 2286 4180 ut
2341 4117 2434 4180 ait
2478 4118 2803 4182 Boetius
2825 4123 2863 4200 1,
2924 4119 3098 4203 quod
3150 4123 3292 4183 tota

746 4223 1007 4284 nostrae
1062 4219 1314 4286 animae
1361 4223 1774 4308 corporisque
1835 4246 2150 4310 compago
2197 4225 2442 4290 musica
2487 4227 2896 4309 coaptatione
2951 4227 3294 4292 coniuncta

750 4330 865 4389 est.
959 4326 1045 4391 Et
1089 4331 1163 4391 ut
1206 4350 1348 4394 sese
1394 4332 1681 4415 corporis
1728 4331 1997 4396 affectus
2043 4331 2260 4414 habet,
2315 4333 2411 4397 ita
2457 4355 2709 4417 quoque
2757 4336 2898 4417 (pag.
2932 4337 3018 4415 44)
3065 4334 3292 4418 pulsus

749 4431 960 4496 cordis
1006 4434 1290 4500 motibus
1334 4434 1701 4501 incitantur.

921 4693 940 4731 1
975 4692 1117 4748 Inst.
1156 4693 1302 4750 Mus.
1340 4697 1385 4763 1,
1411 4696 1443 4749 1
1483 4698 1586 4763 (ed.
1624 4696 1934 4765 Friefflein,
1971 4717 2026 4769 p.
2053 4697 2172 4766 185,
2195 4699 2448 4767 27—-186,
2473 4705 2535 4765 5).
