3592 5509
1815 409 2247 474 ...58—

768 582 969 648 habet
1024 582 1560 658 conformitatem,
1619 586 1803 666 patet
1859 581 2086 647 habita
2139 581 2387 646 Tullii
2445 581 2943 666 comparatione.
3037 581 3210 645 Nam
3273 604 3318 645 a

765 681 1417 775 'proslambanomeno
1463 712 1664 774 usque
1710 689 1792 754 ad
1838 711 2060 754 mesen
2108 689 2470 774 disponitur
2513 689 2670 754 ordo
2709 689 3114 774 planetarum
3161 711 3316 753 cum

768 797 1193 880 firmamentO,
1238 797 1334 862 ita
1378 802 1452 861 ut
1495 798 1678 862 Luna
1738 799 1825 862 sit
1883 797 2586 881 proslambanomenoS,
2651 797 3003 862 Mercurius
3064 796 3314 880 hypate

768 907 1074 990 hypaton,
1101 905 1318 970 Venus
1348 905 1704 990 parhypate
1735 905 2041 990 hypaton,
2078 904 2194 971 Sol
2214 904 2506 970 lichanos
2529 904 2836 989 hypaton,
2869 905 3040 969 Mars
3064 904 3312 988 hypate

769 1036 1012 1096 meson,
1061 1013 1317 1097 Jupiter
1360 1013 1717 1098 parhypate
1760 1035 2006 1096 meson,
2057 1026 2201 1093 (pag.
2235 1026 2322 1086 45)
2367 1011 2684 1078 Saturnus
2722 1012 3014 1078 lichanos
3058 1034 3306 1090 meson,

776 1121 1027 1186 coelum
1076 1120 1406 1185 stellatum
1450 1143 1644 1186 mese.
2031 1181 2038 1192 ,

946 1229 1018 1293 Si
1061 1221 1262 1315 igitur
1304 1230 1489 1294 Luna
1531 1229 2234 1314 proslambanomenoS,
2295 1228 2410 1294 Sol
2453 1250 2609 1293 vero
2661 1227 2954 1294 lichanos
2998 1227 3302 1312 hypaton,

770 1337 977 1420 liquet
1019 1338 1181 1402 istos
1229 1338 1388 1402 duos
1432 1337 1727 1421 planetas
1772 1337 1843 1402 in
1900 1336 2300 1402 diatessaron
2348 1336 2562 1420 specie
2620 1341 2844 1401 cantus
2900 1335 3308 1401 collocandos

778 1449 969 1528 atque
1014 1444 1164 1509 ideo
1208 1446 1457 1510 Lunam
1501 1439 1949 1529 hypodorium,
1999 1444 2218 1509 Solem
2263 1465 2416 1509 vero
2464 1444 2716 1510 dorium
2760 1443 3022 1508 modum
3067 1448 3304 1508 tenere.

772 1551 870 1615 Ex
916 1547 1042 1636 quo
1100 1550 1347 1638 liquido
1408 1557 1662 1617 constat
1717 1553 1968 1617 Lunam
2025 1551 2394 1638 flegmatica
2449 1556 2514 1616 et
2574 1551 2840 1616 humida
2899 1549 3150 1616 homini
3203 1552 3310 1614 ad—

774 1681 1030 1745 augere,
1104 1655 1324 1725 Solem
1388 1682 1541 1725 vero
1612 1661 1757 1745 ipsa
1822 1659 2088 1724 humida
2155 1664 2219 1724 et
2279 1659 2648 1745 flegmatica
2713 1659 3057 1724 desiccare.
3151 1659 3308 1722 Inde

776 1790 931 1854 ergo
978 1768 1090 1832 isti
1137 1769 1261 1832 duo
1306 1768 1626 1851 planetae,
1676 1767 1828 1851 quia
1871 1766 2254 1851 principalia
2313 1771 2377 1831 et
2421 1767 2764 1831 luminaria
2810 1771 2976 1843 sunt,
3033 1767 3310 1850 primum

773 1874 1039 1939 modum
1082 1879 1319 1960 regunt
1349 1897 1495 1939 011111
1526 1876 1825 1953 secundo,
1873 1874 1997 1939 hoc
2032 1879 2130 1939 est
2156 1879 2416 1958 protum
2447 1876 2842 1939 autenticum
2861 1871 2940 1940 'et
2984 1873 3310 1960 plagalem

774 1981 965 2065 proti.
1071 1981 1264 2044 Nam'
1316 1981 1532 2046 dorius
1597 1983 1843 2066 primus
1901 1982 2370 2046 autenticorum
2431 1986 2605 2047 recte
2679 1981 2819 2047 Soli
2883 1987 3310 2066 comparatur,

779 2089 931 2172 quia
975 2089 1407 2173 principatum
1460 2094 1640 2155 tenet
1693 2090 1867 2154 inter
1927 2111 2149 2155 omnes
2202 2090 2428 2154 modos
2483 2089 2650 2154 sicut
2706 2089 2822 2154 Sol
2873 2091 3045 2154 inter
3091 2111 3312 2154 01111163

776 2195 1089 2279 planetas.
1184 2197 1351 2260 Nam
1407 2219 1629 2262 omnes
1698 2197 2138 2262 exhalationes
2202 2202 2541 2263 terrestres
2611 2202 2675 2261 et
2739 2219 3012 2281 vapores
3081 2198 3313 2262 marini

777 2303 1096 2368 solaribus
1170 2305 1368 2370 radiis
1455 2305 1813 2388 elevantur,
1866 2393 1870 2397 .
1909 2329 1985 2369 ex
2070 2306 2302 2390 quibus
2380 2305 2840 2389 impressiones
2922 2307 3310 2370 meteoricae

777 2417 1093 2476 creantur.
1188 2412 1654 2503 Convenientia
1711 2411 1915 2499 igitur
1978 2413 2150 2478 inter
2225 2412 2446 2497 Solem
2510 2418 2575 2478 et
2641 2413 2887 2479 Lunam
2956 2413 3132 2478 clara
3199 2419 3310 2478 est.

776 2519 912 2582 Ista
939 2520 1115 2584 lucet
1152 2525 1359 2602 nocte,
1408 2521 1520 2584 1116
1551 2525 1810 2585 noctem
1840 2521 2058 2606 fugat3
2114 2520 2508 2606 hypodorius
2539 2542 2835 2585 somnum
2868 2522 3063 2606 ducit,
3100 2523 3312 2586 dorius

777 2649 929 2692 vero
978 2628 1259 2711 expellit.
1354 2627 1762 2694 Concordant
1809 2650 1964 2714 ergo
2022 2633 2087 2694 et
2141 2629 2286 2693 loco
2344 2633 2408 2693 et
2452 2628 2904 2693 conformitate
2960 2630 3030 2694 in
3078 2631 3315 2694 diates-

778 2756 969 2800 saron
1015 2736 1453 2800 consonantia.

949 2844 1302 2908 Mercurius
1346 2866 1499 2909 vero
1544 2843 2063 2930 hypophrygium
2123 2849 2324 2930 reget.
2418 2843 2585 2907 Nam
2639 2845 2764 2909 iste
2821 2845 3049 2909 modus
3097 2845 3314 2910 adula-

779 2956 992 3016 torum
1042 2956 1157 3034 est,
1208 2952 1316 3036 qui
1362 2952 1640 3016 viciosos
1688 2957 1754 3016 et
1800 2952 2123 3036 sapientes
2168 2952 2534 3036 probosque
2583 2973 2788 3035 aequo
2833 2953 3027 3016 modo
3076 2952 3315 3016 collau-

781 3061 935 3124 dant
982 3065 1047 3124 et
1094 3061 1174 3124 ad
1218 3065 1558 3143 utramque
1588 3064 1842 3144 partem
1873 3060 2065 3124 facile
2108 3064 2584 3141 convertuntur,
2634 3061 2756 3125 hoc
2805 3065 2902 3125 est
2947 3061 3028 3124 ad
3073 3059 3316 3124 lamen-

779 3173 918 3230 tum
966 3173 1030 3231 et
1076 3169 1156 3232 ad
1199 3167 1536 3250 laetitiam,
1596 3169 1677 3232 ad
1728 3168 2177 3232 incitationem
2237 3173 2302 3232 et
2361 3168 2442 3232 ad
2487 3168 2905 3250 sedationem,
2967 3167 3178 3251 qualis
3227 3173 3318 3232 est

781 3279 1013 3339 natura
1058 3276 1377 3359 Mercurii,
1428 3277 1537 3360 qui
1584 3297 1729 3341 cum
1774 3275 1964 3340 bonis
2021 3277 2230 3340 bonus
2289 3280 2354 3339 et
2410 3297 2555 3340 cum
2601 3275 2788 3340 malis
2837 3280 2936 3339 est
2979 3276 3313 3360 pessimus.

780 3384 951 3447 Mars
1008 3406 1161 3448 vero
1216 3383 1562 3471 phrygium
1627 3389 1827 3467 tenet,
1897 3383 2008 3468 qui
2060 3388 2236 3448 totus
2294 3383 2608 3448 colericus
2666 3388 2763 3448 est
2818 3387 2884 3448 et
2947 3383 3318 3462 iracundus3

780 3512 933 3554 nam
988 3492 1218 3556 omnia
1247 3493 1471 3556 mundi
1514 3492 1687 3557 bona
1738 3491 2074 3556 iracundia
2119 3513 2233 3554 sua
2292 3496 2560 3555 conatur
2618 3491 2964 3555 destruere.
3060 3491 3320 3555 Iunctus

784 3620 939 3684 ergo
984 3601 1337 3664 Mercurius
1384 3622 1528 3664 cum
1575 3621 1651 3664 eo
1698 3605 1810 3663 aut
1851 3600 1920 3662 in
1969 3603 2235 3683 aspectu
2289 3599 2566 3682 quodam
2621 3599 2714 3663 ita
2759 3598 2967 3662 malus
3016 3604 3115 3662 est
3161 3600 3323 3664 sicut

780 3711 921 3794 ipse
967 3709 1155 3772 Mars
1248 3708 1417 3772 Nam
1459 3707 1573 3771 ille
1622 3729 1773 3772 ense
1819 3693 2131 3788 vulnerat,
2180 3705 2303 3770 iste
2351 3728 2502 3770 vero
2546 3706 2788 3792 lingua.
3117 3691 3124 3695 ⁹

958 3816 1361 3900 Hypolydius
1427 3837 1580 3879 vero
1626 3815 1752 3898 ipsi
1797 3813 2035 3878 Veneri
2083 3818 2208 3878 est.
2249 3813 2616 3896 attributuS,
2676 3835 2839 3897 quae
2893 3813 3157 3878 fortuna
3206 3819 3318 3896 est,

782 3925 1065 3989 feminea
1107 3929 1343 4005 tamen,
1395 3923 1546 4007 quia
1590 3927 1899 4006 provocat
1945 3923 2026 3986 ad
2070 3921 2369 3986 lacrimas
2407 3921 2548 4005 pias
2589 3921 2990 4005 quandoque.
3085 3921 3324 4005 Lydius

785 4054 936 4096 vero
992 4032 1157 4112 Iovi,
1214 4030 1511 4098 fortunae
1566 4030 1819 4114 majori,
1893 4029 2002 4113 qui
2054 4028 2348 4101 homines
2404 4029 2794 4114 sanguineos
2855 4032 2919 4093 et
2973 4027 3324 4092 benevolos

785 4143 962 4204 creat
984 4139 1301 4222 mitesque
1328 4143 1519 4222 atque
1550 4139 1882 4220 iocundos,
1915 4141 2091 4202 recte
2113 4141 2537 4221 comparatur,
2575 4158 2720 4200 011111
2741 4158 2996 4220 semper
3018 4133 3326 4222 gaudium

786 4251 987 4311 notet.
1084 4245 1551 4311 convenientia
1597 4269 1740 4311 cum
1788 4245 2068 4326 Venere3
2123 4245 2193 4309 in
2225 4244 2626 4309 diatessaron
2675 4249 2868 4328 atque
2913 4244 2981 4308 in
3013 4245 3326 4308 bonitatis

786 4354 1048 4418 fortuna
1108 4355 1498 4418 concordant
1560 4377 1679 4419 1160
1739 4354 2047 4419 differunt
2095 4353 2224 4417 nisi
2280 4374 2510 4416 vocum
2567 4345 2949 4415 differentia.
3050 4351 3330 4415 Inferior

788 4463 959 4525 enim
1009 4483 1132 4526 vox
1174 4483 1306 4526 non
1350 4462 1443 4525 ita
1491 4461 1693 4525 dulcis
1742 4466 1841 4526 est
1886 4462 2051 4526 sicut
2097 4465 2284 4524 acuta
2326 4481 2536 4544 neque
2585 4458 2816 4522 suavis

959 4569 1345 4653 Mixolydius
1376 4591 1530 4633 vero
1562 4569 1938 4634 attribuitur
1969 4569 2268 4650 SaturnO,
2305 4567 2609 4652 quoniam
2641 4567 2808 4631 circa
2830 4564 3329 4630 melancholiam

786 4682 1090 4742 versatur.
1164 4677 1772 4761 Hypermixolydius
1819 4698 1970 4741 vero
2003 4676 2295 4741 totaliter
2325 4674 2588 4758 ponitur
2620 4674 2988 4756 castalinus,
3023 4673 3329 4757 quoniam
3412 4753 3414 4755 ‚
